5070 6162
332 175 397 244 teu
630 174 708 242 PRE

331 343 475 396 chronico
487 343 523 395 ad
536 354 604 394 ann.
619 341 689 393 1163,
712 341 858 391 locationis
869 341 972 392 libellos

332 405 408 458 tertii
420 411 446 456 et
464 406 558 468 quarti
568 405 678 467 qeneris
693 406 784 455 vocat.

363 469 514 520 Interdum
535 465 570 518 ad
591 465 727 527 quintum
752 465 904 525 heredem,
925 477 972 517 cu-

328 530 460 594 iusmodi
469 529 669 580 precariarum
682 527 797 578 Chartae
805 527 971 579 describun-

331 597 381 645 tur
401 593 431 642 in
459 589 614 642 Tabulario
641 589 837 651 casauriensl,
855 601 891 641 en
914 601 971 651 quo

331 651 972 717 sequenteseruimus‚hicquedamus,utPre·

331 718 478 768 ceriarum
495 715 562 764 inde
577 713 711 764 formulas
722 713 909 774 colligantur.

363 777 398 829 In
412 774 647 827 Ebrietililomine.
658 772 776 837 Ideoque
790 789 838 838 eqo
851 773 972 837 Pelopei·

331 853 396 900 nus,
410 839 487 902 filius
528 837 652 887 vendam
664 836 831 898 ildeprandi
846 837 880 886 de
892 835 972 886 Sala·

328 904 410 967 jano,
428 853 583 962 rnaniIesta
599 912 683 948 causo
700 904 748 960 est,
762 903 789 948 et
800 912 819 947 a
841 899 973 961 plurimis

331 965 483 1028 connitum,
496 976 527 1012 eo
541 962 613 1024 quod
646 975 677 1011 er
696 974 772 1009 meae
784 960 893 1011 litteras
903 959 971 1012 Pre-

331 1027 425 1077 aarias
435 1039 533 1088 roqum
552 1023 602 1074 tibi
641 1036 741 1072 amano
755 1022 855 1072 diluti
868 1035 903 1072 aa
915 1022 971 1072 ido·

331 1087 456 1140 austerio
480 1085 509 1136 S.
534 1085 690 1144 trinitatis,
731 1085 785 1134 aad
811 1083 971 1146 edificatum

332 1165 389 1202 esse
403 1149 480 1200 debet
495 1149 527 1196 in
542 1147 638 1196 insula
653 1147 687 1196 de
726 1145 838 1207 isauria,
850 1147 914 1207 ioco,
924 1145 972 1195 ubi

332 1213 438 1262 dicitur
460 1211 611 1268 Gaeauren,
626 1222 723 1271 rapum
738 1209 826 1269 arrisi,
841 1215 867 1258 et
887 1207 972 1271 petivi

332 1288 351 1324 a
376 1281 411 1336 te,
426 1275 457 1323 ut
471 1285 531 1322 una
553 1285 615 1320 cum
631 1284 765 1320 consensu
783 1277 809 1320 et
830 1269 972 1320 voluntate

332 1334 553 1400 conpreqationie
565 1332 711 1383 mensurati
722 1332 883 1382 monasterii
894 1333 971 1382 bene·

332 1397 418 1460 detali
438 1397 536 1446 ordine
546 1393 717 1456 praestaretis
731 1395 800 1444 mibi
820 1400 971 1444 manarate

332 1461 490 1523 Peleqrino,
516 1458 558 1508 vei
583 1458 652 1506 meis
671 1455 824 1505 heredibus
837 1455 971 1518 usquein

332 1523 435 1587 quinta
446 1534 509 1570 mea
521 1518 710 1583 qeneratione,
725 1531 818 1567 omnes
827 1518 904 1580 ipsas
915 1531 969 1576 ree,

333 1598 404 1648 quas
451 1583 539 1644 uipse
555 1580 604 1630 tibi
617 1593 668 1641 per
681 1580 820 1630 cartulam
835 1580 970 1629 uenditio-

333 1645 379 1696 nis
402 1646 436 1695 de
462 1645 527 1708 pavi
551 1643 583 1692 in
604 1641 752 1705 Saluiano,
775 1655 823 1691 seu
838 1655 888 1704 per
910 1641 971 1704 ejus

332 1707 465 1759 voeabula
487 1705 561 1755 idem
576 1705 609 1754 de
630 1705 710 1767 casis,
723 1704 805 1754 terrie
826 1709 853 1754 et
873 1703 969 1762 vineis,

331 1769 446 1832 campis,
467 1768 552 1828 silvia
572 1767 694 1829 pascuis,
707 1765 805 1829 pomis,
821 1770 906 1828 atque
928 1779 970 1814 sa·

332 1832 408 1883 lectis
432 1831 538 1880 cultum
558 1830 600 1878 vel
613 1829 759 1889 incultum,
774 1829 869 1877 munia
889 1834 916 1876 et
938 1827 971 1876 in

330 1868 479 1944 omnibusi
499 1905 545 1942 sae
553 1890 970 1962 memoratasresininteqrum,

331 1955 404 2020 qued
418 1961 445 2005 et
480 1953 566 2003 ecisli.
585 1954 673 2013 Quam
689 1956 716 2002 et
738 1952 770 2001 ab
793 1965 851 2001 rem
863 1956 970 2012 prestr-

331 2017 390 2067 listi
412 2022 439 2067 et
457 2017 654 2080 praeterlata
677 2019 827 2063 memorate
846 2013 971 2062 Romane

330 2079 508 2138 Abbae,mibi
519 2084 668 2127 memorato
681 2075 838 2138 Peteqrino,
847 2075 888 2124 vei
903 2075 971 2124 meis

330 2141 493 2200 heredibus,
505 2152 592 2203 usque
605 2138 638 2187 in
649 2139 777 2200 quintam
788 2147 880 2187 meam
892 2149 970 2198 qene-

329 2203 477 2264 rotionem,
493 2215 588 2250 amnes
601 2200 677 2262 ipsas
692 2204 859 2248 memoratae
872 2211 917 2247 res
937 2198 970 2247 in

330 2266 480 2328 inteprum.
489 2276 551 2312 cum
564 2274 698 2311 censensu
711 2265 737 2308 et
749 2260 891 2309 voluntale
902 2258 969 2309 Con-

329 2325 501 2390 qreqationis
519 2323 666 2373 memorati
688 2320 851 2370 Monaslerii
863 2335 872 2369 :
885 2321 918 2368 in
940 2335 970 2370 eo

329 2401 392 2438 vero
404 2393 498 2436 tenore
510 2384 665 2447 beneficiali
678 2383 777 2433 ordine
790 2382 968 2445 usufruendi,

330 2448 469 2508 multandi,
496 2445 663 2506 laborandi,
690 2445 876 2504 meliorandi,
901 2458 969 2493 narn

330 2525 388 2560 nun
399 2509 550 2567 uendendi,
565 2520 616 2557 nec
630 2508 765 2566 donandi,
778 2520 829 2556 nec
848 2519 969 2556 concam·

330 2571 437 2630 biandi,
449 2585 501 2621 nec
510 2584 561 2634 per
573 2570 663 2620 ulium
672 2569 817 2632 inqenium
829 2568 904 2631 ipsas
915 2581 968 2618 me·

329 2640 454 2684 moratas
464 2647 507 2682 res
518 2634 550 2682 in
564 2632 682 2682 atterius
694 2635 855 2694 potestatem
868 2630 968 2690 dandi,

329 2696 386 2746 nisi
396 2701 508 2745 tontum
519 2693 688 2755 usufruendi
701 2705 787 2756 usque
798 2692 829 2741 in
840 2691 969 2754 quintam

329 2771 419 2808 meam
432 2757 647 2820 qenerationem,
655 2761 680 2805 et
688 2758 748 2818 poet
756 2759 882 2803 nostrum
891 2761 968 2802 tran-

330 2820 422 2877 situm,
430 2832 540 2868 amnem
549 2818 640 2880 ipsam
653 2822 833 2866 memoratam
843 2816 969 2864 substan-

329 2883 400 2931 tiam
422 2881 454 2930 in
476 2880 619 2942 lntsprum
633 2881 789 2928 revertatur
809 2877 848 2926 ad
858 2884 969 2940 partem

328 2942 475 2993 memorati
497 2941 671 3001 Manasterii,
689 2941 771 3003 cnjus
785 2946 825 2989 est
843 2939 966 3002 proprie-

329 3013 383 3067 tae,
397 3010 424 3055 st
440 3003 646 3066 prebacaaasa
656 3001 803 3064 repromisi
813 3014 968 3063 cqomemo-

328 3073 408 3117 ratus
415 3065 581 3129 Peloqrinue
596 3077 654 3114 una
668 3077 728 3112 evm
738 3063 805 3113 meis
815 3062 969 3112 heredibus

330 3129 388 3190 tibi,
404 3128 529 3178 Romane
539 3125 639 3186 Abbas,
652 3125 695 3176 vei
706 3124 903 3174 successoribus
913 3125 970 3173 luis

329 3191 399 3241 dare
411 3203 524 3240 cenmm
536 3188 699 3238 annualiter
711 3187 745 3237 de
757 3200 850 3236 mense
860 3185 968 3237 Decem·

330 3253 373 3303 bri
386 3265 405 3301 a
439 3256 535 3302 entum
548 3249 679 3300 denarios
694 3263 750 3310 sesa,
765 3251 792 3298 et
805 3261 853 3298 eeu
867 3261 968 3298 merno-

328 3266 585 3375 rarnericthrinus
596 3325 656 3361 une
665 3324 728 3360 cum
737 3310 806 3361 meis
817 3309 969 3384 iteredibus

329 3389 437 3426 omnem
460 3375 551 3437 ipsam
575 3379 756 3424 memoratam
781 3371 969 3421 substantiam

329 3438 396 3489 bene
407 3449 465 3487 non
478 3435 704 3495 laboraverimus,
716 3437 742 3484 et
758 3447 810 3482 usu
823 3447 880 3482 non
891 3434 968 3496 frue-

328 3500 429 3560 rimue,
442 3505 468 3549 et
486 3498 578 3548 dolosa
592 3496 688 3546 animo
699 3509 732 3546 ea
746 3495 820 3544 male
831 3499 968 3545 tractave-

328 3563 428 3622 rimus,
442 3565 469 3611 et
482 3559 493 3608 i
513 3573 574 3608 sum
589 3563 770 3608 memoratum
783 3570 893 3607 censum
915 3570 969 3606 en-

328 3623 455 3674 nualiter
467 3575 525 3684 ndi,
547 3621 673 3672 Romans
692 3619 850 3692 Abboanoi
863 3632 968 3692 succes-

329 3685 434 3736 soribus
453 3685 508 3734 tuis
521 3697 578 3733 non
599 3681 757 3732 dederimus
780 3695 818 3730 stc
837 3681 968 3743 pleniter,

1312 176 1390 244 PRE
1988 178 2066 248 PRE

1021 342 1663 470 testiesustentantione
1713 344 2353 460 attendimus‘titillante

1018 467 1191 539 prestaretis
1219 468 1297 516 uobis
1323 468 1453 530 Arifredo
1474 473 1501 519 et
1525 468 1663 520 ildeberto
1713 469 1811 527 etesia.
1827 481 1861 520 ea
1873 470 2051 526 condidere,
2064 471 2096 521 ut
2107 473 2197 520 tanta
2208 469 2352 532 quantita·

1020 540 1172 600 qerjmants,
1185 529 1227 578 uei
1245 529 1347 580 nostris
1361 530 1513 580 haeredibus
1532 532 1663 595 usquein
1713 533 1752 582 tis
1770 531 1976 595 proprietatem
1989 543 2023 582 ex
2038 531 2126 582 rebus
2140 532 2203 582 suis
2218 531 2351 582 usufruc-

1022 598 1121 653 qusnta
1144 597 1240 640 nostro
1263 593 1451 654 numeratione,
1469 605 1564 643 omnes
1586 593 1663 666 ipsas
1713 594 1827 644 tuarius
1853 593 1896 644 vel
1925 593 2038 656 vivens,
2069 594 2112 643 rel
2158 595 2204 644 ost
2231 597 2351 643 mortem

1022 665 1075 711 res,
1091 665 1162 715 quas
1175 653 1291 715 nosipsi
1303 667 1356 718 per
1371 660 1481 704 cartam
1494 655 1662 705 venditionis
1712 655 1849 706 Ecclesiae
1864 654 2045 714 dimiteret:
2063 653 2111 718 [qu
2162 655 2288 705 maxime
2302 653 2351 704 ob-

1021 713 1217 776 delspaoimus,
1231 720 1281 765 etc.
1300 716 1365 766 Alia
1380 717 1514 767 Precaria
1528 715 1638 768 ibidem
1654 733 1661 766 z
1712 718 1812 776 tinuIt,
1828 727 1895 767 cum
1908 716 1945 768 ad
1961 716 2037 767 tilios
2047 717 2181 779 precaris
2193 717 2349 776 concessio,

1022 775 1081 847 ileo
1100 774 1323 839 Recipertusper
1342 791 1418 827 meas
1433 779 1542 828 litteras
1561 791 1661 840 preca·
1711 790 1775 840 quae
1796 777 1968 843 perentibus
1984 777 2063 830 iacta
2083 779 2189 839 iuerat,
2215 777 2353 830 extende-

1020 851 1080 886 rcas
1096 850 1194 899 roqum
1206 837 1265 899 tibi,
1283 839 1408 889 Romane
1427 839 1558 901 Albas...
1572 841 1660 900 emin,
1713 839 1819 904 batur]
1835 840 1905 901 Qua
1927 840 2045 902 quidem
2069 840 2199 891 condida
2219 838 2257 890 ad
2274 840 2351 890 exei-

1021 905 1047 949 et
1058 899 1144 962 petivi
1155 913 1173 950 a
1185 906 1468 958 te,utcumconsensa
1484 907 1509 952 et
1520 903 1661 952 voluntate
1731 902 1833 952 tendas
1855 901 2127 953 Ecclesiasticorum
2145 901 2351 966 emphyteuses

1023 960 1660 1035 Conpreqatianistueebeneficialiordinepre-
1710 914 1832 1014 delinita
1860 963 1968 1024 iegitur
1996 963 2212 1014 Constitutione
2244 962 2351 1013 Leonis

1021 1029 1132 1095 staretis
1153 1025 1233 1083 mtbs,
1248 1023 1289 1074 vei
1309 1038 1379 1075 mets
1399 1025 1560 1088 heredibus,
1575 1040 1662 1090 usque
1710 1027 1783 1087 Imp.
1806 1029 1836 1076 et
1848 1025 1969 1075 Novella
1981 1025 2005 1075 t.
2024 1026 2040 1075 J
2045 1025 2195 1076 ustiniani.
2219 1025 2350 1084 Quarum

1021 1099 1052 1133 sn
1060 1091 1190 1148 quintam
1202 1087 1411 1147 uenerationem
1419 1087 1532 1137 amnesi
1552 1101 1658 1147 easres,
1710 1088 1906 1150 precariarum
1915 1086 2048 1137 iormulae
2063 1089 2179 1138 exstant
2189 1086 2267 1150 apud
2278 1087 2350 1136 biar-

1022 1160 1091 1256 quos
1104 1159 1151 1220 epo
1161 1147 1219 1210 ipse
1229 1148 1425 1210 percartulam
1437 1150 1604 1200 venditionis
1617 1149 1659 1200 ds·
1710 1150 1823 1199 cultum
1834 1146 1883 1199 lib.
1899 1147 1924 1198 a.
1937 1147 2020 1199 iorm.
2032 1147 2071 1199 39.
2088 1152 2118 1199 et
2131 1149 2172 1198 tu.
2185 1150 2216 1198 in
2231 1147 2350 1198 Formu-

1033 1208 1156 1271 maereat
1185 1209 1658 1272 artemmemorotiilonastsrii,etc.
1709 1211 1746 1262 lis
1775 1208 1894 1261 veterib.
1922 1222 1987 1274 cap.
2011 1211 2051 1261 41.
2082 1209 2122 1260 12.
2148 1209 2179 1261 in
2206 1209 2350 1260 Chronico

1023 1270 1136 1329 Quodn
1163 1271 1495 1344 ecisti,quametebrem
1506 1273 1660 1336 praestitisti
1710 1272 1949 1323 Laurisbamensi
1981 1283 2050 1322 ann.
2075 1271 2130 1323 835.
2159 1282 2225 1382 ρεῗ.
2253 1270 2294 1321 68.
2319 1272 2348 1321 in

1021 1337 1046 1383 et
1055 1338 1195 1394 prestasti
1209 1339 1249 1391 tu,
1265 1334 1390 1383 tiemone
1402 1334 1502 1394 Abies,
1516 1335 1587 1384 mitri
1600 1335 1659 1385 Ra·
1710 1334 1826 1384 (inertis
1856 1334 2057 1384 Alamannicis
2081 1333 2203 1384 doldast
2238 1332 2278 1385 63.
2308 1333 2348 1383 65.

1021 1394 1659 1522 1111111111111111111
1709 1396 1787 1507 arr
1800 1393 2105 1508 arsurumn-
2119 1395 2348 1518 eterra

1219 1519 1225 1532 0
1308 1493 1317 1519 ’
1646 1484 1659 1498 ι
1778 1492 1790 1529 a.
1856 1496 1861 1506 ·
2206 1519 2211 1530 Ι
2337 1481 2349 1493 .

1020 1517 1660 1654 atita,tutatattrltntttttut
1709 1517 1847 1631 ‘tellit
1860 1518 2163 1631 1311113111...
2175 1519 2349 1642 illicite

1021 1641 1179 1715 laborandi,
1193 1656 1244 1692 nec
1264 1657 1321 1692 non
1332 1644 1526 1716 venundanda,
1543 1658 1594 1694 nec
1609 1643 1659 1694 do·
1708 1593 1763 1693 Ibi.
1786 1593 2050 1693 ConcitIiemense
2069 1643 2107 1693 11.
2123 1654 2186 1705 cap.
2199 1641 2239 1692 36.
2256 1641 2349 1692 Turo-

1020 1705 1183 1764 uenenum
1197 1706 1418 1765 concomitando,
1435 1719 1485 1756 nec
1503 1719 1556 1779 per
1569 1707 1659 1756 ullum
1709 1715 1799 1755 nense
1819 1704 1872 1755 ΙΙΙ.
1895 1716 1958 1767 cap.
1972 1705 2012 1754 bl.
2035 1703 2183 1755 Meldense
2204 1703 2347 1754 nnn-titi

1020 1767 1165 1828 inqenium
1177 1767 1253 1830 ipsas
1268 1773 1487 1816 nternorntasres
1499 1781 1530 1816 sn
1543 1768 1659 1818 alteriue
1709 1777 1742 1817 ca
1767 1765 1823 1815 .22.
1840 1765 1932 1830 Capit.
1947 1765 2042 1816 Caroli
2057 1765 2087 1815 (1.
2104 1767 2169 1829 post
2186 1765 2281 1827 Oapii.
2293 1764 2350 1836 Oa·

1019 1830 1181 1890 potestatem
1196 1829 1233 1877 ad
1240 1829 1438 1891 proprietatem
1452 1829 1590 1890 dandum,
1602 1830 1659 1879 nisi
1709 1779 1763 1878 roII
1776 1829 1814 1878 M.
1830 1839 1892 1890 cap.
1910 1827 1936 1877 9.
1950 1830 2004 1878 etc.
2018 1827 2189 1878 Istiusmodi
2208 1826 2350 1877 Precarrae

1021 1893 1131 1939 tantum
1147 1890 1317 1953 usufruendi
1331 1891 1459 1953 usquein
1479 1892 1578 1955 quinta
1596 1905 1659 1941 mea
1708 1890 1865 1940 formulam
1878 1890 1967 1939 aliam
1982 1900 2017 1939 ex
2030 1888 2166 1940 Tabulae.
2181 1889 2286 1938 Vienn.
2299 1888 2350 1938 Ec·

1020 1951 1208 2013 permotione,
1226 1959 1326 2015 etpost
1345 1953 1507 2015 conspiciam
1522 1966 1658 2004 memora-
1708 1952 1804 2002 alesta
1818 1951 2036 2022 descripsimus,
2049 1961 2136 2012 quam
2153 1951 2200 2000 irie
2218 1949 2347 2000 demus:

1020 2019 1078 2062 tam
1099 2014 1229 2076 quintam
1248 2013 1473 2076 perorationem,
1498 2015 1656 2074 discessum,
1708 2012 1883 2062 Consuetudo
1906 2011 2057 2076 etiustitea
2079 2011 2273 2062 ecclesiastica
2298 2018 2349 2072 eet,

1020 2088 1114 2124 omnes
1136 2075 1211 2138 ipsas
1236 2082 1404 2125 memoratas
1427 2075 1600 2126 substantias
1626 2077 1658 2126 in
1709 2074 1798 2138 utqui
1812 2074 2130 2136 ressuasslsacultates
2143 2086 2209 2124 suos
2221 2072 2276 2122 nso
2291 2087 2350 2122 ser-

1020 2137 1161 2199 inteqrum
1177 2137 1384 2186 reuertaturad
1399 2143 1494 2200 partes
1512 2139 1658 2190 merncrati
1707 2137 1801 2200 visque
1824 2137 1882 2185 suis
1906 2137 2063 2196 contulerit,
2089 2137 2114 2186 ei
2137 2135 2248 2208 aliquid
2273 2135 2351 2196 quod

1020 2198 1191 2258 Monasterii,
1203 2200 1282 2262 cujus
1294 2205 1333 2249 est
1346 2201 1510 2262 proprietas.
1706 2198 1895 2261 postulaverit,
1911 2197 2117 2247 rationabiliter
2130 2197 2168 2246 ad
2182 2197 2300 2246 enumera
2315 2197 2351 2246 de

1052 2260 1131 2322 Saepe
1146 2262 1235 2310 etiam
1251 2261 1287 2311 ad
1299 2262 1425 2324 primum
1439 2261 1582 2313 haeredem
1596 2273 1657 2312 res·
1707 2259 1788 2310 rebus
1801 2258 1930 2310 Ecclesia
1944 2257 2191 2323 carternitanum
2214 2257 2348 2332 eanar·

1021 2323 1114 2372 tricies
1131 2322 1268 2383 teguntur
1283 2324 1432 2384 Preearire,
1449 2329 1481 2374 ul
1495 2325 1525 2374 in
1541 2323 1658 2375 onartts
1707 2322 1809 2372 minus
1825 2322 2052 2384 Arctiepiscopas
2063 2321 2189 2370 Emissis
2209 2319 2350 2370 Vssnnecr-

1019 2385 1058 2434 65.
1072 2385 1101 2434 et
1115 2384 1155 2433 to.
1172 2395 1206 2434 ex
1219 2383 1350 2434 Goldastl
1368 2385 1575 2447 Alamannicis
1588 2386 1657 2446 alia,
1706 2384 1756 2442 sis,
1784 2397 1845 2433 una
1869 2397 1932 2432 cum
1959 2382 2154 2433 Sacerdotibus
2181 2387 2206 2432 st
2234 2381 2351 2448 clericis

1019 2457 1082 2507 quae
1097 2445 1243 2508 descripta
1258 2447 1405 2507 iegiturin
1421 2447 1552 2497 Historia
1572 2448 1595 2498 Ε
1617 2447 1657 2498 is·
1706 2445 1831 2508 eiusdem
1843 2452 1946 2494 sancte
1961 2445 2060 2496 Matris
2074 2444 2212 2500 Ecclesia,
2223 2443 2351 2494 conmdi-

1019 2518 1114 2570 copor.
1133 2507 1395 2559 silvanectensium
1411 2509 1440 2558 in
1464 2461 1658 2560 constenIino
1707 2521 1769 2556 urus
1780 2506 1830 2555 tibi
1840 2507 1987 2556 Randuico
1998 2511 2025 2557 et
2037 2506 2116 2556 acori
2126 2513 2179 2556 tua
2187 2505 2350 2570 Ruinpardi

1019 2569 1172 2632 Episcopo,
1192 2572 1246 2619 etc.
1274 2569 1464 2621 Tabularinm
1487 2572 1656 2622 monasterii
1707 2569 1824 2618 eandem
1854 2568 2025 2629 colonicam,
2054 2582 2139 2632 quam
2183 2581 2214 2618 er
2238 2566 2350 2617 instru-

1020 2631 1047 2681 S.
1063 2631 1184 2682 Andreae
1200 2631 1374 2682 Viennensis
1392 2631 1571 2683 :Priscorum
1592 2646 1655 2682 nor·
1706 2635 1959 2681 montecortarum
1970 2629 2099 2680 Ecclesia
2109 2629 2138 2680 8.
2175 2629 2350 2679 aumciiccn-

1019 2691 1328 2756 ma‚etcunctarumLe
1346 2707 1393 2742 um
1404 2694 1656 2756 patetauctoritas,
1707 2692 1893 2756 latinisque
1916 2699 1956 2742 est
1976 2693 2031 2741 sita
2045 2693 2075 2740 in
2099 2691 2238 2742 comitatu
2265 2691 2350 2741 Vien-

1018 2759 1049 2802 ut
1072 2754 1238 2816 quicumque
1260 2768 1304 2804 res
1344 2755 1447 2804 eclesie
1460 2769 1513 2830 per
1534 2756 1658 2806 libellum
1707 2754 1790 2804 nensi
1803 2755 1835 2804 in
1847 2755 1904 2805 loca
1915 2753 2078 2804 ubidicitur
2090 2753 2250 2813 Rodscaiao,
2261 2757 2350 2816 etpre

1018 2815 1118 2865 babere
1142 2815 1268 2874 solitarii,
1292 2817 1416 2867 uidelicet
1440 2819 1540 2880 utqinli
1561 2832 1657 2868 neuen
1707 2815 1829 2867 tactam
1847 2817 1898 2880 pia
1911 2815 2106 2878 consolatione,
2119 2821 2145 2866 et
2166 2820 2251 2878 prata
2266 2815 2351 2864 devo·

1018 2877 1105 2926 annis
1123 2877 1212 2940 ipsius
1230 2883 1306 2940 petat
1326 2879 1494 2941 suffraqium
1510 2888 1536 2929 el
1562 2881 1656 2929 tuitio·
1707 2878 1790 2940 tione,
1803 2877 1977 2928 concedimus
1990 2878 2062 2928 uobis
2077 2891 2112 2928 ee
2123 2875 2204 2928 rebus
2223 2875 2253 2926 S.
2269 2876 2350 2926 Mau-

1018 2952 1089 2990 nem.
1099 2939 1272 3002 Quapropter
1282 2952 1330 3002 eqo
1342 2941 1374 2988 in
1385 2941 1436 2990 Dei
1445 2941 1557 2991 nemine
1566 2942 1657 2991 Cbun-
1706 2941 1768 2989 ricii
1781 2941 1822 2990 vei
1839 2939 1868 2991 S.
1885 2939 2084 3004 Sqrnptoriani
2102 2937 2283 3003 prestatione
2298 2938 2351 2988 Be-

1019 3001 1115 3073 cultus,
1127 3005 1200 3074 nutu
1212 3001 1264 3052 Dei
1283 3002 1479 3076 omnipotentis
1492 3003 1561 3076 ileo,
1575 3018 1657 3078 aava·
1707 3001 1799 3064 neficii
1813 3002 1845 3050 in
1868 3001 2000 3052 biadrata
2009 3015 2123 3076 mansos
2142 2999 2252 3074 vestitos
2268 3000 2350 3072 duos,

1018 3060 1658 3198 attilusutititraututtrtett:
1706 3063 2134 3189 atcerte-..ttamen
2147 3062 2352 3187 incauta

1018 3199 1053 3235 ea
1067 3186 1186 3237 Abbatra
1201 3192 1305 3245 nostra,
1319 3202 1379 3251 ques
1392 3194 1433 3238 est
1453 3195 1612 3238 constructa
1625 3190 1657 3238 in
1707 3187 1912 3237 rationabiliter
1921 3187 2009 3236 visum
2019 3186 2115 3249 luerit.
2125 3185 2168 3236 Ea
2179 3191 2275 3236 lernen
2285 3200 2350 3236 con·

1018 3249 1119 3298 bonore
1142 3247 1171 3298 S.
1191 3250 1319 3312 dndreae,
1343 3250 1446 3300 scilicet
1462 3250 1493 3298 in
1518 3250 1658 3301 comitatu
1707 3249 1823 3309 ditione,
1837 3252 1868 3298 ut
1880 3249 1991 3299 easdem
2004 3262 2049 3299 res
2062 3247 2203 3310 aedificetis
2214 3254 2240 3298 et
2256 3247 2352 3297 melia·

1025 3310 1180 3382 Viennensi,
1195 3310 1230 3382 in
1285 3325 1316 3359 ro
1339 3311 1513 3374 iiopiacensi,
1538 3313 1569 3362 in
1589 3311 1658 3363 sitta
1706 3312 1774 3362 retis
1797 3317 1883 3374 atque
1904 3310 2045 3371 excolatis,
2066 3317 2092 3360 et
2117 3310 2204 3359 annis
2226 3309 2270 3359 sin
2293 3309 2351 3358 ulis

1019 3370 1171 3433 Saturnios,
1182 3376 1209 3422 et
1220 3385 1252 3420 sn
1287 3372 1417 3434 amnicos,
1430 3374 1479 3422 boc
1489 3379 1555 3423 sunt
1564 3374 1658 3448 campi
1706 3373 1855 3434 festivitate
1864 3371 2031 3423 S.b1auricii
2040 3372 2210 3423 investitura
2223 3324 2352 3421 modium

1018 3433 1090 3482 sicut
1105 3433 1344 3484 dividunturcum
1359 3435 1656 3497 terraconetaidarta,
1705 3433 1844 3495 {rumenti
1868 3438 1894 3484 et
1918 3433 2042 3483 modium
2067 3433 2126 3482 vini
2151 3433 2290 3482 ministris
2316 3431 2347 3483 S.

1019 3495 1068 3544 tibi
1081 3499 1108 3543 et
1121 3495 1161 3544 ad
1174 3508 1263 3544 unum
1276 3502 1355 3545 tuum
1367 3496 1512 3555 heredem,
1521 3511 1572 3561 per
1583 3497 1657 3548 libel·
1706 3496 1837 3546 Mauricii
1851 3497 2004 3559 persolvere
2016 3495 2170 3546 studeatis:
2183 3499 2209 3546 et
2221 3500 2284 3557 pasl
2294 3494 2352 3543 dis·

1020 3556 1077 3606 lum
1091 3556 1140 3606 sub
1150 3570 1202 3606 usu
1212 3557 1345 3620 Beneficii
1354 3559 1478 3617 concedo,
1491 3573 1524 3608 ea
1534 3572 1658 3622 namque
1706 3572 1812 3608 cessum
1826 3559 1910 3621 nujus
1925 3559 1986 3606 vitre
1998 3562 2130 3617 vestrum,
2145 3555 2249 3620 absque
2262 3556 2351 3606 aiicu-

1018 3619 1135 3680 ratione,
1144 3623 1176 3667 ut
1187 3619 1273 3668 annis
1283 3619 1401 3683 sinpulis
1413 3621 1450 3669 ad
1462 3620 1554 3682 ipsam
1566 3621 1656 3672 Eccle-
1703 3621 1752 3683 jus
1774 3619 1995 3670 contradictione
2007 3620 2146 3682 predicte
2167 3633 2220 3678 res,
2234 3624 2261 3668 et
2277 3633 2352 3681 quas

1018 3682 1090 3730 siam
1106 3693 1155 3730 see
1177 3681 1341 3731 denariatas
1355 3681 1386 3730 in
1407 3695 1520 3731 censum
1535 3685 1569 3733 de
1593 3697 1657 3736 cera
1707 3682 1741 3732 de
1761 3681 1826 3744 iure
1844 3687 1936 3730 nostro
1958 3680 2087 3731 Ecclesia
2104 3680 2228 3743 traditis,
2242 3685 2270 3730 et
2291 3694 2352 3730 eas-

329 3747 539 3812 siculsuperius
556 3745 662 3795 dictam
676 3742 899 3805 esl,boecomnia
912 3757 968 3794 me·
1015 3741 1164 3807 persolvas.
1179 3741 1210 3793 Si
1223 3743 1327 3806 deipso
1341 3757 1424 3794 censu
1439 3759 1457 3792 n
1493 3745 1583 3808 liqens
1598 3745 1657 3807 fue·
1707 3744 1779 3803 dent,
1796 3757 1867 3806 quos
1887 3741 2011 3792 Ecclesia
2033 3743 2107 3792 vobis
2125 3742 2241 3805 canteri,
2255 3743 2351 3792 sancti

329 3815 438 3859 morata
451 3822 501 3859 nos
514 3821 572 3858 non
586 3806 839 3869 adimpleverimus,
849 3805 892 3854 vel
900 3804 969 3867 fece·
1018 3805 1057 3854 ris
1071 3805 1101 3854 in
1123 3818 1274 3864 unaanno,
1291 3805 1389 3856 inulio
1409 3805 1466 3869 dap
1479 3821 1526 3856 um
1549 3821 1657 3870 conspo-
1707 3805 1838 3856 Mauricir
1850 3804 1975 3855 Ecclesia
1988 3806 2110 3868 recipere
2125 3805 2227 3864 valeat,
2244 3809 2296 3854 etc.

328 3873 427 3932 mmus,
440 3877 506 3921 tunc
520 3870 676 3931 expendero
687 3883 731 3918 me
744 3880 792 3931 eqo
803 3874 969 3916 memoratus

328 3933 492 3996 Peleqrinus
505 3945 566 3981 una
585 3943 646 3980 curn
659 3930 727 3980 mas
740 3927 893 3978 heredibus
910 3929 967 3987 libi,

329 4001 479 4044 memorate
493 3993 619 4043 Romane
635 3990 791 4052 Abboanoi
811 3991 969 4040 successari-

329 4055 378 4106 bus
393 4055 451 4106 tuis
474 4067 636 4116 componere
649 4053 722 4102 vobis
735 4052 836 4102 solidos
850 4058 970 4111 centum,

329 4122 356 4169 et
372 4130 467 4166 omnes
490 4117 566 4179 ipsas
585 4118 754 4164 memoratas
775 4127 818 4164 ree
841 4113 872 4162 in
895 4114 969 4162 inte-

348 4191 412 4229 ram
427 4177 639 4240 reprehendatis
651 4177 689 4226 ad
702 4181 811 4239 partem
823 4177 970 4224 memorati

328 4194 493 4290 Itonaeterii
507 4241 569 4289 elne
591 4252 700 4288 omnem
712 4237 893 4293 calumniam,
909 4250 970 4299 qua

330 4303 370 4352 sic
390 4302 487 4352 taliter
508 4301 583 4351 inter
602 4314 653 4349 nos
666 4299 741 4350 stetit
766 4299 968 4349 conuenienter.

332 4365 422 4425 mam
434 4377 497 4415 vero
509 4363 671 4413 Precariam
681 4362 779 4424 scripsi
791 4373 839 4423 epo
851 4361 970 4410 Audeat-

331 4428 385 4500 dus
400 4425 544 4482 Notarius,
558 4432 672 4486 reactus
688 4437 706 4472 a
718 4428 870 4472 memorato
890 4422 970 4472 Pele·

330 4503 422 4600 Imo’
431 4488 563 4538 actumin
573 4487 715 4537 Casaurea
724 4497 801 4534 anno
814 4485 922 4556 imperii
934 4483 968 4533 D.

355 4551 433 4602 udav.
449 4561 536 4600 xxrv.
549 4555 575 4599 st
589 4549 627 4598 11.
638 4560 715 4597 anno
729 4544 870 4609 suppones
885 4545 970 4595 Comi-

332 4614 378 4673 tis,
404 4612 449 4661 die
467 4625 513 4660 aa.
530 4611 632 4660 mensis
655 4609 746 4671 April.
746 4621 811 4718 βαι·
832 4606 933 4658 indict.
945 4607 969 4657 6.

330 4674 457 4737 feliciter.
476 4672 597 4736 Siqnum
619 4683 720 4720 manus
771 4669 896 4742 eleqrini,
913 4669 971 4779 gui

330 4735 598 4860 mglrlssrassrtgx
621 4731 852 4856 ›IIa't‘rairoI-fflEtpo
901 4745 971 4842 αιόρὶἲ

330 4861 427 4923 fredus
441 4863 554 4931 capatus
564 4871 582 4907 a
596 4854 756 4906 memoratis
769 4853 970 4904 monasticus-

331 4919 584 5034 MIIIdiIrecariae
598 4979 726 5031 turmula
742 4976 918 5030 describitur
938 4977 969 5028 in

332 5046 432 5097 eodem
458 5041 614 5094 Tabulario
629 5039 815 5092 casauriensi
839 5051 908 5090 ann.
928 5039 968 5090 ti.

331 5107 441 5158 Ladon.
452 5106 525 5169 Imp.
536 5104 566 5154 F.
576 5103 707 5154 Lotbarii
715 5119 720 5151 ε
728 5101 970 5164 Manifestacausn

332 5172 381 5228 eet,
395 5173 422 5218 et
433 5167 468 5217 ab
479 5165 606 5216 omnibus
628 5165 778 5228 counitum,
791 5177 821 5214 eo
835 5163 908 5225 quod
921 5176 971 5212 nos

332 5229 483 5292 Aritredus
505 5234 532 5278 et
552 5225 705 5278 ildebertus
725 5239 776 5289 per
796 5239 846 5276 nos
863 5225 971 5275 litteras

331 5286 970 5413 aurataetarantasmum

332 5421 427 5465 catum
443 5427 499 5463 esse
515 5412 594 5462 debet
615 5412 694 5474 infra
715 5412 838 5462 insulam
854 5411 888 5462 de
908 5411 971 5461 Pie·

332 5477 422 5536 cama,
435 5476 533 5534 mcum,
546 5473 595 5537 qvi
610 5474 714 5524 dicitur
728 5474 862 5532 Caesare,
873 5486 971 5536 rapum

331 5539 458 5590 misimus
479 5541 505 5589 et
517 5535 666 5600 petivimus
681 5549 700 5586 a
723 5540 759 5596 ts,
774 5541 806 5586 ut
828 5549 888 5586 una
907 5547 972 5585 cum

1018 3880 1080 3940 nas,
1104 3867 1270 3942 acinsuper
1297 3867 1346 3916 isac
1372 3866 1657 3940 libellumlscriptum
1739 3868 1869 3918 Similem
1886 3868 2051 3923 formulam.
2064 3878 2099 3917 ex
2115 3865 2272 3938 Tabularlo
2298 3865 2351 3916 Ca·

1019 3928 1189 4041 inviolabile}
1229 3937 1373 3978 ermanect
1392 3943 1454 3980 cum
1477 3931 1657 4006 stipulatione
1707 3929 1851 3980 saunensi
1877 3929 2063 4001 descriptam,
2089 3929 2179 4002 priori
2203 3927 2348 4000 adjungi·

1019 3990 1387 4126 raanaare
1407 3991 1657 4127 turentius
1705 3991 2275 4126 erstl'trttrtmruutm
2291 4002 2351 4100 m

1019 4113 1114 4184 Levsta
1141 4115 1190 4164 troc
1215 4114 1337 4164 libellum
1361 4127 1460 4177 scripsi
1492 4114 1588 4166 dotavi
1612 4117 1657 4166 die
1706 4119 1835 4164 natalie...
1852 4126 1913 4163 una
1934 4127 1997 4163 cum
2015 4113 2158 4164 voluntate
2181 4119 2207 4162 et
2233 4125 2350 4161 wnsen-

1020 4175 1119 4226 ldartts
1138 4177 1162 4228 5.
1186 4175 1228 4226 Id.
1252 4174 1337 4226 Mart.
1364 4190 1434 4248 ann.
1456 4152 1495 4228 tl.
1519 4185 1657 4240 repnente
1706 4175 1837 4226 tientibue
1845 4175 1977 4239 primatis
1986 4175 2138 4234 Mendetis,
2149 4175 2350 4246 preordinatis

1020 4237 1172 4288 Cbanrodo
1191 4251 1255 4301 repe
1276 4239 1458 4288 serenissimo.
1478 4239 1603 4304 [iperius
1625 4241 1656 4291 in
1706 4238 1738 4287 in
1754 4236 1849 4302 Officio
1871 4236 2200 4296 memoratilionasterti,
2217 4249 2269 4286 nec
2290 4249 2351 4285 nan

1020 4299 1125 4350 Obron.
1142 4300 1169 4350 S.
1183 4299 1294 4350 Bertlni
1318 4301 1395 4364 apud
1410 4301 1532 4352 Martem
1548 4303 1617 4354 tom.
1631 4301 1655 4353 e.
1706 4300 1781 4350 inter
1802 4299 1946 4350 Widausm
1962 4299 2140 4360 Gastaldnm,
2153 4297 2246 4360 filium
2261 4311 2350 4358 quon-

1020 4360 1126 4412 Anecd.
1151 4360 1356 4412 coi-471:Iiec
1376 4362 1575 4413 Monaslerium
1594 4376 1658 4413 cum
1706 4361 1771 4411 dam
1791 4361 1933 4422 Bertadi,
1959 4369 1985 4412 et
2009 4361 2175 4424 Eutresiam
2201 4361 2351 4422 cunjuqem

1020 4423 1112 4472 suisa
1133 4421 1267 4494 penditiie
1290 4422 1350 4486 ipse
1379 4425 1555 4487 Amalsridus
1579 4424 1657 4475 beato
1707 4431 1793 4473 tuam.
1808 4422 1942 4474 Dedimus
1953 4435 2001 4485 epo
2020 4425 2188 4473 memoratus
2202 4421 2351 4472 Romanus

1019 4483 1096 4547 patri
1130 4490 1220 4533 erttno
1234 4484 1537 4547 donaverat‚eetamen
1552 4491 1656 4548 tenore,
1707 4484 1797 4535 sibber
1810 4485 1883 4534 vobis
1898 4485 2059 4534 memoratis
2073 4484 2177 4546 cilitiis
2197 4490 2224 4533 et
2237 4483 2351 4546 aspon-

1020 4544 1266 4657 erratur
1281 4546 1657 4660 scrutaterem
1706 4545 2352 4659 ²2⁹0..

1020 4669 1097 4718 caria
1110 4623 1315 4743 baberent;3ed
1323 4676 1383 4744 past
1398 4625 1657 4734 utriusqu'eoiicuren
1707 4671 1771 4721 terii
1791 4670 1872 4732 infra
1895 4623 2067 4721 territodlum
2089 4669 2233 4718 Pinnenss
2255 4673 2351 4717 curtes

1020 4737 1134 4780 sanctus
1155 4731 1289 4781 Bertsnue
1302 4746 1415 4797 ejusque
1428 4746 1594 4784 successores
1609 4735 1658 4784 bac
1707 4739 1825 4796 nostras,
1843 4733 1875 4782 in
1887 4731 1951 4790 loco,
1963 4745 2024 4795 que
2040 4731 2174 4781 dicuntur
2190 4730 2309 4800 Corneto
2322 4737 2351 4779 st

1020 4792 1152 4853 babeant,
1169 4799 1293 4854 tenenat,
1308 4800 1334 4844 et
1346 4807 1545 4859 quemcumque
1567 4795 1657 4847 volus·
1708 4794 1891 4852 Salinarum
1906 4792 2221 4857 amnibuspertinenlris
2234 4791 2352 4855 deipsis

1019 4855 1078 4904 rint
1089 4855 1178 4905 eidem
1191 4856 1377 4920 praeponant]
1706 4856 1829 4906 curtibus
1852 4869 1915 4906 cum
1939 4856 2020 4906 terris
2047 4860 2073 4905 el
2095 4855 2194 4915 vinem,
2218 4859 2268 4903 etc.
2298 4867 2353 4916 per

1051 4917 1201 4968 Interdum
1216 4918 1252 4968 ad
1271 4919 1362 4969 vitam
1375 4917 1477 5030 igslus,
1490 4919 1539 4979 qui
1555 4919 1655 4970 Preca·
1706 4923 1833 4968 nostrum
1854 4919 2009 4981 prestitum
2030 4915 2154 4968 babeatis
2167 4915 2351 4978 resufrucndi,

1020 4979 1094 5046 riam
1106 4978 1266 5039 obtinebat,
1276 4982 1309 5030 ut
1323 4991 1380 5043 epu
1417 4980 1591 5032 Maraulium
1606 4980 1656 5032 lib.
1707 4979 1834 5030 initiandi
1850 4980 2113 5040 matisconensem
2126 4977 2349 5036 nonvendendi,

1019 5039 1042 5091 2.
1057 5041 1185 5092 Formul.
1205 5043 1230 5091 b.
1244 5041 1284 5092 89.
1300 5041 1340 5091 40.
1354 5043 1384 5091 in
1407 5041 1554 5093 Formuils
1568 5045 1657 5094 veter.
1707 5056 1758 5092 nec
1778 5041 1914 5116 donandi,
1936 5055 1987 5092 nec
2008 5038 2209 5114 commutandi,
2223 5053 2276 5114 nec
2297 5053 2353 5150 fier

1019 5102 1657 5227 tunitii·testanteesaia
1707 5103 2351 5238 titt.tutttttttttttttttj‘tttt,.

1708 5235 1744 5278 tte
1758 5233 1789 5277 tu
1807 5234 1958 5278 memorate
1976 5234 2003 5277 et
2016 5233 2099 5276 tertia
2120 5231 2262 5290 ueneratio
2278 5225 2351 5287 leas-

1707 5289 1778 5339 tima
1792 5303 1853 5339 cum
1868 5289 2007 5352 Eutresia
2024 5302 2111 5340 uxore
2124 5297 2173 5337 tua
2185 5286 2286 5337 scindo
2298 5299 2349 5336 an·

1707 5351 1833 5401 nualiter
1842 5351 1958 5401 reddere
1974 5364 2087 5402 censum
2098 5364 2149 5413 per
2160 5361 2349 5411 unamquam-

1708 5427 1761 5476 que
1786 5412 1982 5473 indictionem,
2007 5420 2057 5462 aut
2079 5426 2130 5476 per
2152 5425 2198 5461 vos
2220 5417 2271 5460 aut
2295 5423 2350 5473 per

1707 5482 1827 5525 vestrum
1838 5473 1954 5526 Missum
1966 5475 1998 5524 in
2012 5479 2195 5525 muneratum
2211 5471 2350 5522 Manasse-

1707 5537 1781 5586 riam
1793 5543 1940 5602 arpentum
1950 5537 1992 5589 uel
2004 5535 2092 5587 aliam
2100 5535 2248 5600 pecuniam
2258 5539 2351 5584 tolum

1019 5227 1059 5276 75.
1072 5227 1104 5276 in
1118 5226 1167 5276 tib.
1183 5226 1206 5276 1.
1228 5226 1325 5287 Antiq.
1341 5225 1423 5277 Fuld.
1440 5228 1539 5278 aradii.
1563 5227 1604 5278 23.
1616 5229 1656 5280 75.

1021 5287 1070 5338 llb.
1094 5287 1118 5338 2.
1145 5290 1179 5338 tr.
1205 5287 1244 5339 25.
1269 5287 1309 5338 28.
1332 5287 1372 5339 33.
1395 5291 1424 5339 et
1449 5288 1520 5340 alibi
1537 5290 1656 5353 passim.

1022 5349 1103 5401 Unde
1125 5349 1321 5413 pulsantium
1338 5361 1491 5401 numerum
1508 5363 1565 5402 non
1587 5351 1657 5403 deii·

1021 5413 1126 5471 nitum,
1142 5423 1228 5474 quam
1244 5411 1294 5472 qui
1309 5413 1386 5462 inter
1406 5412 1525 5463 dantem
1540 5415 1568 5464 et
1585 5414 1658 5464 acci-

1020 5474 1350 5586 pientffilconvenerat,
1367 5485 1401 5524 ex
1416 5473 1545 5527 Concilio
1567 5475 1658 5527 Turo-
