5012 6158
335 183 400 251 ibi
626 181 717 251 PRAE
1310 181 1400 252 PRAE
1988 178 2078 248 PRAE

333 351 474 404 ludexln
492 349 586 414 pagis,
605 349 655 412 qui
678 349 790 401 Ballivo
811 348 921 410 subest,
947 350 976 400 et
1026 349 1131 401 PoIItia
1146 351 1215 402 tom.
1230 349 1253 400 1.
1272 361 1337 414 pag.
1353 349 1393 401 32.
1412 349 1445 400 ld
1461 351 1559 402 autem
1582 359 1667 402 exeo
1717 343 2044 397 bacioirumbonumet
2070 345 2254 420 sufficientem
2276 345 2354 398 bomt

334 414 420 475 eujus
439 413 649 476 appellationes
671 413 707 462 ad
728 411 862 463 eumdem
885 411 975 463 Belli·
1026 412 1577 476 maximeeiiicIturquodincomputo
1597 422 1666 463 ann.
1717 407 2355 474 nemadeeercendumosllcrumreperiaris

334 473 862 534 vumdevoivuntur2ruigoPreuost.
880 473 973 524 Statu·
1025 473 1241 536 noanonjam
1254 473 1667 537 Praeposllusipsc,sedaiius
1716 471 1796 533 infra
1823 471 1924 520 limites
1947 470 2026 519 dicte
2051 471 2240 544 prepositure
2259 487 2310 536 pro
2333 481 2356 523 et

334 535 539 610 tumnpbillppi
553 535 811 586 Puloriann.1302.
824 546 876 644 pro
889 535 975 586 retor·
1025 535 1210 608 deacceptis
1233 536 1264 586 in
1290 537 1482 598 preposimra
1507 536 1667 586 Parisiensi
1717 531 2187 642 nomineigniusdominrnbbatis
2208 547 2271 582 cum
2297 535 2356 585 aliis

335 599 462 649 metrone
473 597 566 657 Regni
579 600 634 648 ert.
648 596 695 646 10:
718 595 787 646 Item
800 611 831 644 oo
844 609 926 646 umus
949 601 975 647 et
1025 599 1168 649 rationem
1199 597 1268 648 edit.
1305 598 1508 649 consulendus
1533 597 1563 647 ln
1590 598 1667 648 benc
1715 601 1847 645 ssrreentc
1867 593 2356 656 usdietsdam.Abbatrs,ettenebi·

332 659 507 718 ordinamus,
549 659 603 706 uod
625 657 721 707 nullus
743 656 917 708 senescallus
934 658 975 709 rel
1026 670 1086 708 rem
1104 659 1138 708 D.
1153 657 1423 710 BrasselTract.de
1437 659 1496 710 Usu
1513 659 1590 710 ieud.
1615 658 1664 709 lib.
1716 655 2357 719 turdictnsseruiensfidejubereatcaationem

333 720 480 781 Baillious,
496 671 547 770 aa?
558 718 633 769 alius
641 719 731 782 judee
745 721 911 783 quicunque,
925 720 975 768 sub
1024 720 1048 770 2.
1065 732 1129 784 cap.
1143 721 1185 772 33.
1717 719 1847 788 idoneam
1858 723 1993 781 prestare
2006 719 2039 767 de
2049 731 2097 766 suo
2106 717 2198 780 officio
2211 719 2357 782 diligenter

333 781 473 832 sebabeat
486 781 677 844 Praepositum,
699 781 847 844 Vicarium,
863 796 910 832 seu
924 781 975 830 lu·
1056 781 1117 831 Pre
1138 781 1200 832 ositi
1224 782 1265 833 lta
1290 781 1417 832 Bailiiuie
1440 780 1550 832 subditi
1572 782 1664 840 erant,
1716 786 1741 830 al
1753 779 1877 842 fideliler
1890 793 2024 840 exercere,
2066 787 2127 828 rant
2146 779 2197 828 alii
2213 781 2355 832 sevientes

333 844 431 904 dicem,
461 843 625 915 quileidem
654 844 909 906 cansanpuinitatis
934 844 975 893 oei
1027 845 1058 894 ut
1071 843 1096 894 si
1114 797 1143 894 iri
1159 843 1299 895 delictum
1312 844 1428 906 aliquod
1443 843 1614 902 inciderent,
1630 842 1666 894 ab
1716 843 1747 889 in
1765 855 1859 891 eorum
1882 842 2023 904 cautione}
2045 854 2126 890 acere
2150 847 2353 892 caruueverunt.

332 905 482 956 nutritore
503 905 612 954 vinculo
633 909 772 966 teneatur,
795 919 831 955 ne
851 919 975 968 persone
1026 907 1062 956 iis
1075 908 1286 964 amoverentur,
1313 907 1357 957 vel
1380 906 1555 978 punirentur
1579 903 1665 968 [quod
1715 902 1786 952 item
1797 901 1872 967 quod
1906 903 2354 966 nandocasuseoenietquodali·

330 966 481 1039 predicte,
503 966 536 1016 in
559 967 661 1027 causis,
680 981 742 1040 que
765 967 803 1040 ad
825 967 902 1040 ipsas
926 981 977 1039 per
1025 970 1123 1018 tamen
1144 967 1313 1041 noniiebet,
1332 967 1388 1040 nisi
1409 981 1461 1030 pro
1483 971 1598 1040 murtro,
1625 968 1666 1018 vel
1716 965 1778 1027 quis
1802 918 1966 1027 malefactor
1990 977 2044 1027 per
2066 967 2165 1036 pentes
2192 965 2259 1014 dicti
2278 967 2352 1038 ¹darn.

333 1029 976 1163 eliliiitttttiltt'ltn'insiliit
1025 1027 1666 1155 iti‘niisiiiiilinlititillent?
1715 1027 1843 1160 iiiiii
1857 1026 1906 1138 il
1920 1039 1976 1160 tt:
1986 1027 2354 1160 sitiitl‘itnittinll}

333 1166 449 1203 mussas
463 1150 828 1214 adactisofficnsamooeri.
847 1152 976 1201 Volumus
1026 1153 1095 1203 1190.
1115 1153 1193 1216 apud
1212 1152 1371 1214 Rigordum
1395 1151 1552 1214 colligitur,
1577 1154 1606 1202 et
1631 1164 1666 1202 ex
1715 1155 1872 1200 remittetur
1896 1147 1968 1199 dicta
1985 1149 2096 1198 domino
2115 1163 2168 1211 pro
2185 1150 2301 1213 iustitia
2322 1152 2354 1202 de

333 1215 429 1276 etiam,
452 1214 524 1277 quad
549 1214 575 1263 ri
599 1215 752 1277 contineat,
776 1213 849 1277 quad
874 1214 975 1278 alique
1026 1215 1142 1265 Statuto
1173 1215 1200 1266 S.
1229 1214 1368 1265 Ludoviei
1393 1225 1462 1264 ann.
1490 1214 1560 1264 1254.
1587 1214 1665 1277 apud
1715 1213 1788 1261 dicto
1810 1211 1990 1273 malefactore
2010 1211 2052 1261 uel
2073 1211 2296 1273 malefactoribus
2315 1213 2352 1274 fa·

333 1277 369 1328 de
398 1275 573 1340 Prefscturis
598 1276 701 1325 nostris
724 1277 898 1338 vendamur,
925 1283 975 1325 aut
1026 1277 1184 1337 Nangium,
1208 1276 1238 1326 in
1264 1287 1321 1338 qno
1344 1277 1405 1327 haeo
1425 1277 1496 1326 sunt
1516 1276 1666 1326 deeorum
1715 1273 1821 1334 denda,
1842 1280 1868 1322 at
1893 1274 1917 1322 si
1930 1273 2021 1322 dietus
2038 1273 2202 1335 malefactor
2215 1274 2257 1324 oei
2270 1277 2352 1324 malc-

333 1337 975 1408 denturadfirmamprecipimus,quodtaii-
1025 1341 1208 1388 sacramento
1222 1339 1251 1388 et
1273 1337 1389 1388 officio:
1412 1336 1553 1386 iurabant
1578 1337 1666 1400 ibitur
1713 1335 1835 1407 factores
1847 1335 1923 1397 capti
1937 1335 1978 1384 oei
2001 1335 2109 1384 remissi
2112 1347 2173 1444 dper
2188 1335 2312 1398 jndicem
2325 1336 2351 1385 S.

333 1399 626 1451 buscommendentur
639 1411 774 1461 personis,
799 1413 859 1461 que
880 1399 975 1462 fideles
1024 1405 1155 1449 omneset
1172 1399 1455 1471 sinpulisupradicti,
1471 1397 1544 1462 quod
1565 1411 1665 1470 quam·
1715 1396 1836 1447 Roriam
1859 1397 2039 1458 corporaliter
2059 1410 2108 1446 con
2131 1396 2300 1458 emnabitur,
2315 1398 2354 1448 rel

334 1461 479 1513 etidonee
495 1465 670 1524 reputentur,
690 1466 717 1510 st
737 1461 813 1510 bone
831 1461 923 1522 same,
949 1465 975 1511 et
1025 1460 1075 1510 diu
1097 1461 1269 1510 commissam
1281 1462 1332 1509 sibi
1344 1461 1477 1511 tenebunt
1494 1459 1663 1519 Baiilcoiarn,
1715 1458 1984 1519 condemnabuntur,
1999 1458 2089 1506 dictus
2102 1456 2272 1529 Praepositae
2286 1463 2353 1510 tene·

334 1538 394 1588 que
411 1523 469 1594 sint
483 1523 701 1584 benesolrsndo,
716 1536 773 1572 non
788 1521 896 1582 Clerici,
918 1537 975 1572 non
1024 1521 1665 1586 Preposituram‚velaliudquodcumqnsoffi·
1715 1520 1789 1569 bitur
1809 1520 1975 1570 sententiam
1992 1519 2061 1568 dicti
2076 1518 2182 1582 judicis
2202 1522 2353 1570 maturi

333 1585 477 1644 usurarii,·
490 1598 548 1634 non
560 1584 690 1647 infames,
705 1598 756 1634 nec
767 1585 841 1634 circa
863 1598 975 1648 oppres·
1025 1584 1097 1634 cium
1111 1585 1313 1646 supradictum,
1327 1583 1558 1647 cummaioribus,
1581 1597 1665 1647 quam
1713 1584 1825 1645 penitus
1849 1581 2031 1640 demandare,
2053 1580 2147 1644 tacere
2170 1588 2197 1631 et
2224 1583 2354 1646 complere

332 1646 610 1697 sionessubditorum
630 1647 758 1708 suspecti.
774 1645 832 1696 Nec
852 1647 976 1696 uolumus
1025 1645 1216 1706 mediocribus,
1239 1653 1296 1694 tarn
1314 1647 1428 1695 aduenis
1449 1659 1532 1708 quarn
1554 1645 1664 1718 indiqe-
1714 1644 1796 1692 suisi
1816 1643 1873 1693 sius
1882 1643 2004 1706 propriis
2017 1642 2194 1692 missionibus
2208 1647 2235 1692 et
2257 1658 2353 1707 espen-

333 1708 540 1773 quodprefate
550 1721 674 1770 persone
689 1707 727 1757 ad
740 1708 887 1770 predictas
900 1707 976 1758 Prte-
1025 1707 1080 1768 nis,
1095 1713 1153 1756 tam
1166 1707 1304 1771 subjectis,
1318 1721 1402 1770 quam
1414 1706 1577 1770 prepositis,
1605 1719 1665 1756 sine
1714 1707 1759 1755 sis.
1794 1658 1865 1754 flam
1895 1705 2051 1768 recopnovit
2079 1704 2153 1754 idem
2187 1704 2351 1766 Praepositae

330 1771 472 1834 pariturae
498 1775 619 1829 nostras,
643 1783 691 1818 seu
717 1769 975 1820 administrationes
1026 1769 1173 1818 nationum
1189 1775 1215 1819 et
1235 1783 1418 1831 personarum
1442 1767 1600 1830 acceptione
1616 1768 1665 1832 jur
1714 1767 1788 1830 quod
1812 1767 1835 1815 si
1860 1767 1981 1816 serviens
2011 1767 2047 1816 ab
2069 1766 2128 1828 ipso
2162 1773 2354 1829 presentatus,

332 1831 457 1883 instituti
468 1837 718 1895 quantumcunque
749 1831 871 1881 lusaliis
891 1833 975 1882 ineis
1025 1831 1159 1892 reddant,
1182 1835 1323 1880 seruantes
1344 1834 1439 1880 tamen
1462 1832 1493 1879 in
1519 1829 1583 1878 locis
1607 1831 1665 1880 suis
1714 1834 1766 1878 ant
1787 1829 1844 1892 ipse
1869 1827 2036 1890 Prepositns
2060 1828 2154 1890 capiat
2177 1828 2276 1892 aliqua
2297 1832 2353 1878 ani-

332 1894 472 1959 offerant,
501 1893 700 1943 admittantur.
726 1847 910 1956 fnjunaentes
942 1893 975 1943 de
1025 1907 1091 1941 usses
1103 1899 1128 1942 et
1140 1893 1354 1942 consuetudines
1367 1891 1545 1955 approbatas,
1556 1895 1606 1941 etc.
1714 1889 1802 1939 maiia
1827 1891 1859 1938 in
1886 1891 1967 1940 terris
1998 1894 2025 1938 et
2060 1891 2276 1952 possessionibus
2297 1893 2351 1940 suis

332 1963 436 2017 cetero,
449 1969 485 2006 ne
496 1954 642 2018 Praepositi
655 1955 693 2004 ad
709 1953 822 2016 firmam
839 1954 974 2017 Prepesi-
1055 1960 1118 2010 lite·
1133 1955 1298 2016 etquidem
1318 1954 1354 2004 ed
1370 1954 1509 2004 mandata
1533 1952 1664 2003 Bailliva·
1713 1951 2035 2016 inbannooelemenda
2053 1955 2168 2014 propter
2190 1953 2240 2000 boc
2263 1952 2353 2003 debita

332 2024 426 2069 turam
439 2021 563 2067 tenentes
580 2022 679 2066 tueare
693 2017 734 2066 vel
753 2015 886 2079 judicare
929 2030 974 2065 ree-
1026 2029 1088 2065 rum
1101 2016 1282 2076 exsequenda
1295 2017 1392 2078 potius
1405 2017 1558 2066 institutos
1573 2015 1664 2066 luisse
1714 2014 1846 2077 perillus
1870 2013 1968 2076 quibus
1993 2017 2075 2062 erant
2103 2013 2178 2062 dicta
2205 2013 2352 2074 animalia,

332 2084 446 2129 sumant
456 2079 597 2138 emendae,
608 2079 655 2127 sed
667 2076 829 2138 senescalli,
841 2084 891 2126 aut
925 2077 974 2127 ail-
1026 2077 1664 2150 PraeposItOS,seiteminDelphinetu,quem
1714 2077 1771 2138 ipse
1794 2074 1961 2138 Prepositus
1974 2076 2087 2124 tertiam
2102 2079 2212 2136 partem
2233 2077 2353 2125 ernende

332 2141 400 2204 liui,
426 2145 477 2189 aut
503 2139 617 2192 scabini
641 2139 793 2200 duntaxat,
821 2140 974 2188 reundum
1027 2143 1058 2189 ut
1084 2139 1140 2201 ipsi
1166 2150 1201 2188 ex
1226 2138 1323 2189 oilleio
1346 2139 1474 2200 aliquam
1498 2139 1665 2190 exercerent
1715 2136 2353 2199 tantummodorecipiet,eltenebiturincras-

351 2217 392 2252 ue
420 2204 541 2251 locorum
568 2201 782 2250 consuetudines
806 2200 974 2250 suadebunt.
1023 2200 1269 2262 iurisdictionem,
1284 2203 1361 2250 recte
1374 2200 1472 2261 colligi
1491 2211 1576 2263 posse
1588 2201 1664 2250 exis·
1714 2199 1807 2248 tinum
1828 2199 1964 2260 captionis
1986 2198 2120 2260 predicta
2135 2199 2276 2247 animalia
2301 2206 2354 2250 tra·

332 2218 526 2328 injunium,
550 2262 623 2326 qriod
646 2262 677 2310 in
703 2276 762 2311 una
787 2261 849 2311 Pre
870 2262 975 2312 oritura
1025 2263 1098 2312 timo
1112 2273 1146 2312 ex
1161 2261 1348 2334 Charisiano.
1363 2261 1432 2312 1339.
1449 2264 1517 2311 tom.
1536 2263 1559 2312 1.
1587 2262 1663 2312 Hist.
1714 2261 1780 2310 dere
1802 2259 1930 2332 pentima
1955 2260 2022 2334 dicti
2041 2259 2113 2332 dom.
2139 2259 2350 2333 Abbatiuitem

329 2328 545 2445 edistii
558 2323 813 2458 ‚iiiiii‘rliz-“l‘
847 2329 975 2435 tti‘ili
1025 2323 1129 2456 iiiii·
1146 2322 1344 2444 iiiilililff
1362 2323 1664 2436 lieiltiiliils
1714 2328 1883 2432 ‘tantuin
1900 2321 2354 2446 ‚tinniltniituiint

331 2460 455 2512 personae
467 2446 824 2520 nontradaturlnisiunica
856 2446 974 2519 ailitem,
1045 2459 1073 2518 ui
1096 2397 1150 2518 aspiJ
1158 2509 1163 2518 .
1276 2509 1281 2519 ¹
1712 2397 1859 2518 gatisipse
1893 2444 2353 2516 repositurinbannorellemenda

332 2509 526 2570 Senescailaa,
551 2508 752 2570 Preposatura,
788 2508 900 2557 Vacerra
927 2522 975 2558 seu
1025 2460 1098 2557 grcia
1111 2512 1222 2556 ciuitate
1235 2508 1418 2572 (Viennensi)
1437 2509 1551 2558 nomine
1576 2510 1664 2571 ipsius
1713 2521 1747 2557 ecc
1763 2520 1796 2556 ca
1816 2513 1892 2556 tiana
1909 2507 2045 2570 predicta
2065 2507 2159 2556 debita
2178 2507 2251 2556 nibal
2270 2509 2352 2568 perci-

332 2569 974 2633 lndicatnra‚etlalesp‘urabnntsieutBailli-
1023 2568 1058 2618 D.
1084 2568 1259 2640 Delphini...
1283 2572 1315 2618 in
1334 2569 1611 2619 condemnationibus
1638 2575 1664 2620 et
1713 2522 1993 2632 pienfcemqinclin
2011 2567 2352 2638 omnibusbanismaven·

332 2647 382 2684 aus
394 2639 420 2682 et
433 2631 616 2683 Senescalius.
631 2631 710 2682 Adde
725 2635 779 2681 art.
795 2633 835 2681 ii.
1023 2631 1227 2682 exarationibus
1240 2632 1444 2681 sententiarum
1456 2636 1483 2680 et
1494 2632 1663 2682 condemna·
1714 2631 1786 2679 tibus
1800 2631 1834 2680 de
1848 2629 1951 2679 directo
1960 2629 2083 2679 daridmo
2099 2630 2168 2678 dicte
2180 2630 2254 2678 dam.
2269 2631 2351 2679 Abba·

365 2695 407 2746 En
433 2695 478 2744 iiis
506 2693 599 2766 primo
623 2693 780 2805 colligitur,
810 2693 974 2755 Praepositae
1024 2693 1129 2743 tionum
1140 2693 1417 2742 causarumcioilium
1429 2693 1663 2756 etcrlminallum,
1714 2691 1974 2754 tis,ipsedominus
1987 2691 2243 2755 percipistbunna‚
2259 2698 2352 2741 oentm

333 2757 452 2808 ludices
471 2757 571 2815 inisse,
595 2765 612 2804 a
640 2755 688 2816 qui
713 2765 746 2805 us
772 2767 787 2804 a
811 2754 974 2818 pellabatur
1023 2754 1144 2804 realium
1162 2759 1189 2804 et
1225 2755 1404 2816 ersonalium,
1425 2754 1456 2802 in
1477 2754 1663 2817 inquisitioni·
1714 2759 1739 2802 et
1764 2752 1912 2813 laudimia,
1957 2759 2018 2802 rout
2041 2753 2182 2816 percipere
2206 2755 2353 2814 consuent,

333 2820 370 2871 ad
398 2817 570 2868 Beiiilvum:
604 2816 708 2866 deinde
744 2827 779 2866 ea
800 2828 845 2866 ern
882 2816 974 2867 tuisse
1023 2815 1188 2888 bussacien
1211 2817 1233 2864 is
1279 2830 1309 2866 er
1332 2817 1436 2866 dictam
1456 2816 1605 2880 ciuitatem,
1633 2818 1664 2866 in
1713 2815 1762 2864 boc
1782 2816 1925 2886 saloopno
1964 2815 2022 2876 ipsa
2041 2815 2220 2886 Praepositae,
2238 2815 2279 2864 rel
2299 2830 2351 2864 ser·

333 2879 557 2943 Praeposstorum
572 2879 766 2938 sacramenta,
791 2889 855 2938 oues
872 2877 974 2928 naun·
1023 2878 1158 2940 captendo
1172 2878 1245 2926 male
1260 2882 1364 2927 actores
1375 2879 1407 2926 in
1421 2879 1531 2928 civitate
1545 2881 1571 2928 et
1586 2879 1663 2928 terri·
1714 2877 1791 2926 aiens
1815 2877 1903 2938 ipsius
1919 2877 2107 2940 prepositure
2128 2876 2352 2926 tenebiturrsci·

332 2953 433 2991 vorum
446 2953 452 2990 ε
472 2940 559 2990 tertio
571 2939 695 3001 denique
709 2938 909 3012 Prepesitnras
921 2939 973 2990 da·
1024 2940 1093 2988 torio
1104 2939 1245 3002 predictis
1267 2947 1294 2988 et
1306 2941 1335 2988 in
1348 2940 1412 2988 aliis
1428 2953 1488 3002 que
1505 2939 1617 3003 perabat
1638 2943 1664 2990 et
1712 2951 1779 3000 pere
1790 2938 1923 2989 clamores
1934 2942 1960 2988 et
1974 2938 2106 2988 emendas
2118 2949 2180 2999 que
2190 2940 2352 3000 provenient

332 3007 378 3115 1ῑῗιε
390 3003 491 3114 tinisse
506 3000 543 3050 ad
556 3001 678 3062 sirmam,
692 3000 728 3050 ad
742 3001 902 3052 triennium
916 3002 973 3051 soi·
1023 3001 1164 3051 marcebat
1178 2977 1315 3064 prefatus
1333 2999 1491 3052 correarius
1508 3000 1663 3066 Arebiepis·
1714 3000 1821 3049 ratione
1849 3000 1982 3048 bonarum
2004 2999 2037 3048 in
2062 3000 2137 3048 dicta
2172 3001 2352 3062 prepositura

332 3076 389 3178 tuere
402 3077 494 3176 'lincis
516 3124 685 3174 Boniiacius
705 3123 783 3174 VIII.
808 3125 863 3173 PP.
888 3125 974 3186 cujus
1054 3123 1238 3184 meQuaeut
1252 3124 1545 3183 manifestioreilant,
1559 3123 1664 3176 addere
1713 3124 1838 3186 pennum
1860 3123 1903 3172 vel
1922 3122 2160 3185 delinquentium,
2184 3127 2211 3171 et
2233 3137 2268 3172 es
2288 3124 2354 3185 ipsis

332 3189 449 3238 animus
464 3198 495 3236 er
516 3197 533 3235 a
555 3185 708 3235 licenciam
732 3189 861 3235 nostram
886 3186 973 3248 paulo
1045 3186 1119 3236 lacet
1144 3185 1383 3246 Recognltionem
1407 3187 1609 3249 Praeposnurae
1636 3186 1662 3236 S.
1713 3185 1830 3246 receptis
1852 3184 1954 3234 bonrum
1971 3188 1998 3234 et
2019 3183 2174 3247 lepiiimnm
2196 3198 2254 3233 com
2296 3191 2353 3232 turn

332 3261 393 3300 sem
415 3261 446 3300 er
465 3198 592 3309 iniquior
616 3247 683 3306 iult,
709 3246 845 3310 Philippo
869 3247 973 3297 Pulcra
1024 3199 1534 3320 Eympborianidennceiiatactam
1558 3245 1663 3298 Abbati
1713 3247 1830 3318 reddere
1855 3245 2070 3319 pentibusndicti
2095 3245 2202 3318 domiai
2229 3246 2353 3304 Aburii,

332 3311 463 3372 Reg,ut
476 3311 506 3359 in
521 3309 695 3382 Sanctorum
706 3309 863 3382 referretur
884 3307 973 3358 (lano-
1025 3308 1486 3359 Trcnorcnienslann.1401.in
1516 3319 1573 3380 qua
1600 3309 1664 3359 tuse
1713 3314 1754 3357 ita
1765 3307 1838 3370 quod
1850 3323 1874 3357 si
1895 3311 2012 3370 receptio
2024 3308 2223 3370 predictorum
2239 3309 2292 3368 lint
2304 3321 2355 3369 per

332 3384 397 3423 nem
410 3368 973 3432 urgenti,idobJecerit,utestin0bro·
1023 3369 1198 3420 exblbentur
1221 3381 1285 3430 que
1308 3369 1344 3420 ad
1366 3370 1496 3420 uinclum
1519 3371 1663 3431 ejusmodi
1714 3369 1907 3434 Prepesitum,
1928 3369 2033 3419 cavebit
2054 3371 2127 3431 quod
2145 3369 2249 3418 reddat
2265 3369 2354 3432 leuiti-

332 3433 556 3485 nicoFiandriie
573 3431 729 3482 vernaculo
747 3431 873 3502 capiti:
903 3431 973 3480 binis
1024 3431 1248 3494 Praepositorum
1296 3434 1451 3494 spectant:
1499 3431 1663 3494 Reeopnouit
1715 3445 1790 3480 mum
1806 3436 1963 3494 computum
1985 3430 2067 3479 dictis
2087 3431 2355 3492 pentibus,etidem

331 3496 357 3546 le
382 3495 472 3557 Papa,
497 3493 545 3557 qui
571 3493 698 3542 n'aimoit
725 3506 779 3542 mee
803 3491 828 3542 le
853 3491 912 3557 Iioy
940 3493 974 3542 de
1023 3491 1098 3542 ίάειιι
1117 3491 1282 3541 Humbertus
1297 3506 1325 3541 ss
1340 3499 1434 3541 tenere
1455 3491 1485 3540 in
1499 3492 1663 3554 {endum1⁰.
1713 3492 1802 3553 faciat
1825 3493 1948 3543 seruiens
1957 3493 2107 3555 predictus
2121 3493 2145 3542 si
2168 3506 2297 3554 pereum
2312 3507 2354 3542 re·

331 3556 449 3616 Franco,
462 3555 504 3604 dit
518 3567 571 3628 qua
583 3567 654 3617 pour
668 3553 697 3603 la
715 3567 797 3604 caiisa
811 3554 879 3616 qu'il
900 3555 973 3603 auoit
1023 3553 1239 3625 Preposituram
1255 3552 1284 3603 S.
1308 3553 1368 3603 Sim
1389 3553 1500 3602 bariani
1515 3568 1576 3602 cum
1592 3554 1663 3615 juri·
1714 3553 1810 3616 cipiet.
1822 3553 1892 3604 Item
1907 3554 1974 3603 dum
1988 3554 2111 3604 emende
2127 3554 2356 3618 oeibannaqus

331 3620 385 3668 mis
396 3633 437 3668 ses
446 3616 598 3680 Bailtiapes
608 3615 835 3666 elsesPrevostee
846 3616 865 3665 b
875 3616 972 3688 ferme,
1022 3615 1081 3676 bus,
1086 3615 1264 3688 pertinentiis
1276 3619 1302 3665 et
1310 3567 1500 3665 emofumentis
1510 3616 1663 3679 ejusden...
1714 3615 1857 3666 obvenient
1879 3615 1921 3665 uel
1940 3615 2068 3667 obvenire
2089 3620 2222 3678 poterunt
2244 3617 2353 3665 ratione

332 3680 367 3731 de
398 3695 452 3754 aoy
472 3679 564 3728 maini
582 3692 688 3741 pauore
708 3678 813 3727 bomme
831 3691 867 3727 en
895 3685 973 3728 estoit
1023 3677 1335 3750 Recapnooitsetanere
1349 3683 1483 3728 ettenere
1500 3678 1664 3728 debereom-
1714 3691 1808 3727 rerum
1827 3677 1860 3726 in
1885 3677 1960 3726 dicta
1972 3678 2158 3740 prepositura
2175 3678 2355 3728 existentium

331 3695 477 3802 uariante,
501 3742 521 3791 il
545 3753 580 3790 ne
605 3740 722 3790 l’oserait
748 3740 864 3814 lebera
887 3740 971 3790 salnt.
1022 3740 1073 3788 nia
1091 3738 1286 3810 infrascripta·
1302 3740 1411 3812 ratione
1430 3739 1509 3812 dicte
1529 3739 1665 3801 Praeposi·
1713 3739 1855 3812 incudem
1877 3739 2101 3812 delinquentium
2121 3739 2164 3788 uel
2185 3753 2356 3812 sommare-n

333 3804 461 3856 Tametsi
484 3804 610 3872 ,constet
643 3801 678 3852 de
711 3802 972 3864 praepositurarum
1024 3800 1460 3864 tureacseruitrainfrascrnpta
1481 3801 1570 3851 erdem
1590 3802 1663 3850 dom.
1715 3806 1784 3850 tium
1805 3814 1949 3865 expapsro
1965 3804 2050 3850 curie
2062 3800 2091 3852 S.
2108 3801 2355 3864 Romaniodyndr-

333 3865 499 3916 venditione
520 3863 972 3925 niniitameneiusmodloceur·
1022 3862 1124 3912 Abbati
1139 3861 1266 3912 Ecclesie
1278 3877 1333 3911 sue
1347 3863 1514 3926 supradicte
1528 3863 1662 3913 exhibere.
1714 3863 1861 3926 rabuntur,
1874 3863 2015 3913 uocabitur
2032 3863 2122 3912 dictus
2134 3862 2305 3926 Praepositae
2317 3863 2357 3914 rei

332 3929 371 3978 rit
393 3927 428 3977 de
449 3902 597 3982 euillluiis.
622 3937 685 3998 quae
711 3937 856 3987 nusquam
880 3926 973 3989 pretio
1024 3927 1058 3976 1⁰.
1076 3925 1154 3996 Quod
1168 3923 1407 3996 ipseHumbertus
1423 3930 1566 3988 tamquam
1587 3925 1663 3974 Pre-
1714 3927 1836 3974 serviens
1855 3925 1944 3988 ipsius
1965 3924 2156 3988 prepositure
2179 3925 2218 3973 ad
2241 3925 2356 3975 audien-

332 3989 481 4040 distractae
497 3987 712 4048 leguntur.nlsi
734 3989 887 4050 postquem
909 3987 972 4037 oid·
1021 3992 1126 4049 positus
1141 3985 1221 4035 dicte
1232 3992 1420 4048 prepositure
1432 3985 1620 4036 manutenebit
1633 3987 1664 4036 in
1714 3987 1781 4036 dnm
1793 3991 1819 4036 et
1833 3986 1985 4036 uidendum
2001 4001 2061 4050 que
2073 3987 2133 4051 juri
2148 4001 2198 4036 ruo
2210 3987 2243 4036 in
2254 3988 2355 4050 predi·

333 4050 380 4101 cie
394 4049 534 4099 omnlain
555 4049 678 4098 Francia
691 4049 806 4098 venalia
826 4049 971 4100 exstitere.
1023 4048 1102 4098 domo
1112 4048 1281 4111 supradicte
1292 4047 1605 4111 Prepesitnrebonum,
1616 4049 1664 4111 fir·
1714 4049 1764 4097 ctis
1784 4049 1925 4112 pertinere
1945 4055 2085 4111 poterunt.
2103 4047 2172 4098 item
2199 4049 2356 4112 recopnocit

333 4111 417 4162 Certe
435 4111 697 4173 Praepositurarum
718 4110 924 4160 distractiones
945 4113 974 4160 et
1022 4123 1098 4158 maim
1108 4117 1133 4161 el
1146 4123 1273 4159 securum
1290 4123 1426 4160 carcerem
1440 4111 1579 4160 munitum
1593 4124 1664 4160 com·
1713 4110 1789 4160 idem
1801 4109 1968 4172 Praepositae
1986 4110 2060 4173 quod
2076 4110 2178 4160 tamin
2192 4111 2274 4161 domo
2289 4125 2357 4175 pre·

333 4171 516 4223 venditiones
544 4182 657 4232 semper
675 4169 855 4233 improbate.
879 4170 984 4222 Cirris
1022 4171 1138 4234 pedibus
1157 4179 1215 4221 tam
1243 4172 1327 4221 erreis
1341 4185 1426 4234 quam
1443 4173 1541 4235 lipneis
1553 4172 1591 4221 ad
1602 4186 1663 4222 cus·
1715 4173 1795 4220 dicte
1807 4173 2004 4236 prepositure,
2016 4185 2100 4236 quam
2112 4171 2178 4221 aliis
2199 4173 2357 4236 locisinfra

334 4235 398 4285 tine
408 4234 515 4283 Pisana
525 4233 555 4282 in
568 4230 618 4282 lib.
630 4231 668 4279 clu
680 4231 776 4281 Tresor
784 4231 818 4281 de
829 4232 857 4282 ia
867 4232 974 4282 cile'dee
1024 4233 1168 4283 todiendas
1179 4248 1225 4283 ma
1239 4234 1379 4294 electores,
1390 4240 1421 4283 ut
1431 4233 1574 4296 Praepositi
1586 4234 1665 4284 dicte
1714 4233 1816 4283 dictam
1827 4234 2038 4306 preposituram
2049 4234 2242 4296 existentibus,
2252 4235 2358 4296 officia·

333 4297 445 4354 Dames,
458 4295 481 4344 1.
496 4295 571 4358 part.
587 4305 620 4344 ea
644 4293 713 4342 .23;
737 4293 775 4342 Et
797 4307 833 4343 ne
857 4295 975 4343 uonldra
1020 4297 1209 4358 prepositure
1223 4295 1379 4358 antiquitus
1398 4303 1579 4345 manutenere
1600 4309 1664 4345 oon·
1715 4295 1751 4344 rii
1766 4297 1834 4345 dicti
1857 4296 1964 4345 domini
1976 4296 2095 4358 expieta,
2107 4296 2223 4346 ascidas
2237 4303 2265 4346 et
2288 4298 2357 4346 alios

333 4357 604 4418 nnllementqueses
637 4351 752 4404 revostds
766 4353 974 4406 soientbailldes
1023 4363 1181 4406 sueverunt.
1205 4355 1275 4406 item
1298 4357 1386 4407 dictus
1406 4355 1574 4408 Humbertus
1593 4371 1663 4408 reca-
1711 4357 1819 4421 judicis
1842 4363 1920 4408 actus
1942 4357 2105 4408 accrescunt
2120 4363 2146 4408 et
2171 4371 2302 4408 exercere
2315 4371 2358 4420 po

332 4433 404 4483 pour
418 4421 518 4482 arpent
534 4431 592 4466 aue
600 4417 664 4480 plus
675 4414 793 4478 affrants
811 4422 837 4466 et
849 4417 975 4468 derniers
1022 4419 1129 4481 pnoscit
1139 4425 1164 4467 el
1171 4419 1325 4481 recopnaait
1334 4433 1361 4468 se
1372 4419 1459 4468 teneri
1469 4419 1506 4467 ad
1514 4419 1664 4469 custodien-
1715 4424 1809 4469 terunt
1833 4420 1936 4492 absque
1958 4433 1988 4468 eo
2012 4419 2084 4492 quod
2104 4419 2163 4483 ipss
2185 4419 2358 4492 Praepositam

332 4483 547 4538 encheressantr,
565 4479 589 4528 si
611 4491 714 4528 comme
727 4491 763 4526 on
776 4478 832 4541 fait
853 4479 974 4528 mainle-
1024 4480 1273 4542 dosprisonnarios
1290 4481 1331 4531 vel
1345 4479 1536 4543 malefactores
1548 4493 1610 4530 cum
1627 4482 1665 4530 ad
1714 4481 1867 4544 aliqualem
1884 4481 2106 4545 jurisdictionem
2127 4481 2231 4532 babeat
2244 4497 2274 4530 sn
2290 4495 2359 4546 pre·

333 4548 407 4594 nant
419 4556 455 4592 en
470 4539 586 4592 Franco.
600 4540 637 4590 Et
651 4553 724 4604 pour
734 4552 813 4590 caen
832 4540 919 4614 sieqes
939 4555 974 4591 en
1024 4541 1232 4591 custodiendum
1245 4547 1270 4590 et
1282 4543 1516 4592 incarcerandum
1527 4543 1558 4590 in
1568 4556 1665 4606 supra·
1714 4543 1804 4594 dictis.

333 4605 454 4655 beaucou
489 4602 755 4653 delieuaecidetree
771 4615 914 4652 mannasse
933 4604 974 4651 ri·
1024 4603 1097 4653 dicto
1109 4617 1217 4652 carcere
1229 4617 1279 4666 per
1289 4609 1384 4665 pentes
1395 4611 1420 4654 et
1435 4603 1584 4666 officiarios
1597 4605 1664 4654 dicti
1745 4611 1808 4660 m·
1835 4605 1973 4667 Ejusdem
2010 4603 2190 4655 conditionis
2220 4605 2361 4656 eldentur

332 4618 484 4740 baudallss,
499 4678 651 4728 manpeurs
668 4663 702 4713 ds
715 4676 929 4727 pauorespens,
948 4672 973 4715 et
1024 4664 1096 4713 dom.
1109 4664 1222 4714 Abbatis
1231 4665 1441 4738 sibi‘tradentur
1450 4675 1474 4716 et
1487 4666 1594 4716 easdem
1605 4680 1663 4716 ma·
1715 4667 1806 4718 tuisse
1831 4663 2081 4740 Supra-Praepositi
2094 4667 2130 4717 de
2145 4665 2258 4728 ouibus
2279 4679 2359 4719 men·

331 4743 407 4795 peres
422 4741 475 4793 que
487 4741 523 4777 ne
540 4732 601 4777 sont
614 4727 734 4786 larrons,
748 4731 798 4776 etc.
1025 4726 1167 4789 lesactoras
1183 4740 1230 4776 seu
1243 4741 1434 4788 prisonnarws
1448 4727 1545 4777 reddet
1555 4728 1665 4778 etresti-
1714 4730 1756 4779 tio
1777 4729 1905 4780 occurrit
1926 4728 1957 4778 in
1974 4727 2093 4778 Litteris
2110 4727 2259 4779 lobannis
2287 4730 2358 4789 neg.

364 4789 616 4848 nwverumbac
637 4789 666 4838 in
688 4799 718 4838 re
740 4788 844 4838 merito
867 4789 897 4838 in
925 4787 974 4838 du·
1025 4791 1083 4838 luet
1110 4787 1255 4851 officiariis
1279 4789 1419 4851 predictis
1443 4794 1501 4839 tute
1523 4794 1548 4839 et
1572 4803 1665 4840 secure
1715 4789 1817 4841 Franc.
1834 4802 1903 4840 ann.
1923 4789 1993 4840 1355.
2007 4791 2076 4840 tom.
2090 4791 2114 4838 4.
2132 4789 2270 4840 ordinat.
2295 4801 2361 4854 pag.

1146 2446 1186 2494 cio
1212 2445 1289 2494 dicte
1314 2446 1507 2509 Praepositnre
1527 2447 1617 2495 utitur
1632 2447 1665 2496 in

443 3063 499 3114 uod
516 3063 542 3112 S.
561 3063 707 3113 Ludovico
725 3063 811 3123 vulgo
832 3061 973 3113 adscribi·
1023 3062 1093 3124 copi.
1713 3061 1892 3111 ediscendum
1907 3067 1934 3111 et
1947 3074 2131 3122 personarum
2142 3060 2176 3110 in
2193 3061 2292 3110 eadem
2309 3061 2352 3110 de-

336 4852 416 4905 blum
439 4854 561 4903 vocatur
583 4849 695 4901 laudati
722 4849 858 4900 Obronicl
885 4849 973 4901 tides:
1025 4850 1130 4922 quoties
1147 4850 1234 4913 fuerit
1256 4852 1417 4914 requisitus,
1442 4857 1467 4924 et
1491 4850 1515 4899 si
1555 4865 1585 4900 er
1607 4864 1664 4924 ser·
1714 4851 1770 4903 340.
1796 4851 1937 4902 ublintec
1974 4851 2114 4902 udiciales
2137 4853 2294 4904 ministros
2317 4863 2360 4902 re·

333 4917 431 4966 exstat
441 4915 558 4978 quippe,
570 4915 603 4963 ut
614 4911 673 4962 alia
684 4913 806 4984 taceam,
820 4913 975 5022 comgutus
1024 4916 1142 4984 olentem
1157 4917 1356 4975 presentatum
1380 4913 1491 4962 domino
1515 4865 1613 4963 stibna
1628 4913 1666 4962 ad
1715 4916 1891 4964 censentur:
1908 4923 1946 4964 un
1969 4923 1984 4964 e
2000 4912 2088 4963 iidem
2104 4916 2187 4973 sunt,
2202 4914 2314 4965 saltem
2330 4913 2361 4962 in

335 4974 885 5036 ann.1nm.exqu01>raeposnurasa
924 4973 974 5034 fir·
1025 4973 1243 5023 discernendum
1258 4973 1382 5036 orfidum
1396 4975 1574 5038 serpentarie
1588 4975 1666 5024 intra
1716 4975 1867 5026 Gressensi
1892 4977 1998 5035 tractu,
2025 4985 2091 5025 curn
2116 4975 2155 5024 lis
2179 4976 2231 5036 qui
2254 4977 2362 5035 aratro

334 5049 411 5086 mam
436 5042 508 5089 tunc
533 5035 673 5099 temporis
698 5045 852 5085 concessas
884 5035 975 5086 inisse
1026 5035 1127 5085 limites
1140 5035 1218 5086 eicie
1229 5037 1424 5099 prepositure,
1440 5037 1513 5086 idem
1529 5036 1665 5110 Prepesi-
1716 5037 1856 5088 nenslbus
1869 5035 2101 5100 Suprajunctarii
2112 5036 2266 5089 dicuntur.
2289 5036 2362 5086 vide

335 5102 447 5150 cerium
468 5101 521 5149 est.
542 5099 644 5160 Inique
668 5107 736 5158 ergo
761 5096 788 5146 S.
810 5095 975 5147 Ludovicus
1025 5097 1197 5148 tusuoluerii
1212 5100 1350 5148 comittere
1364 5098 1517 5147 custodiam
1529 5100 1665 5162 prisiane-
1715 5098 1745 5149 in
1762 5099 1817 5149 hac
1832 5109 1909 5149 voce.

335 5160 376 5212 hu
391 5171 425 5210 us
453 5159 650 5210 institutionis
664 5161 767 5209 auctor
787 5159 973 5221 suspicatur:
1025 5160 1132 5208 morum
1143 5159 1194 5208 sibi
1211 5160 1409 5210 tradendorum
1426 5175 1474 5211 seu
1487 5159 1664 5220 traditorum,
1745 5159 1762 5194 ⁰
1783 5159 1861 5222 Pras,
1876 5161 1939 5212 sine
1955 5158 2015 5210 ulla
2029 5156 2264 5211 abbreviationis
2278 5163 2357 5214 nois,

335 5233 373 5284 qu
388 5233 406 5271 n
420 5223 449 5272 et
463 5222 520 5286 Ipsi
539 5221 672 5284 piissimo
687 5220 758 5281 Regi
772 5231 916 5281 nusquam
931 5221 976 5271 est
1024 5221 1084 5284 lpse
1095 5220 1263 5285 Prepositue
1274 5223 1329 5270 reci
1349 5221 1388 5271 iet
1399 5227 1425 5272 et
1439 5236 1473 5271 ee
1484 5236 1558 5272 nienc
1569 5223 1665 5296 reclpit
1715 5222 1815 5273 eodem
1829 5233 1916 5272 sensu
1930 5220 2042 5272 Iudicis
2054 5221 2180 5284 pedanei
2192 5222 2360 5283 intelligen-

335 5281 475 5346 probata;
491 5283 635 5344 siquidem
650 5283 703 5332 nes
720 5281 899 5332 venditiones
913 5292 975 5332 om·
1024 5283 1056 5332 ln
1071 5295 1099 5332 se
1112 5237 1383 5346 uicesimarium
1398 5297 1464 5334 casu
1484 5297 1537 5347 quo
1556 5289 1666 5334 contin·
1716 5284 1771 5334 dus
1787 5283 1911 5344 videtur,
1936 5283 1966 5332 in
1987 5282 2095 5333 Liberi.
2114 5281 2275 5335 Matiscon.
2290 5293 2357 5334 ann.

335 5346 406 5396 nino
419 5343 519 5394 tollere
531 5355 687 5404 aggressus
699 5345 744 5393 est
754 5358 760 5392 :
772 5346 858 5404 atque
872 5355 889 5394 a
903 5355 975 5407 prae·
1044 5349 1100 5395 eret
1121 5345 1193 5407 ipsos
1203 5345 1399 5408 prisannarios
1413 5358 1431 5393 a
1446 5345 1528 5395 dictis
1546 5345 1665 5396 carceri·
1714 5345 1787 5396 1346.
1803 5357 1837 5395 ex
1852 5345 1922 5406 neg.
1934 5343 1973 5394 77.
1990 5343 2222 5406 cnertopnreg.
2235 5346 2283 5397 cb.
2295 5346 2337 5394 111
2351 5357 2357 5386 ι

335 5405 467 5471 posltura
479 5405 636 5456 parisiensi
648 5405 975 5478 lncoepitquamacon-
1024 5359 1075 5455 gns
1099 5404 1224 5467 euadere,
1250 5420 1294 5456 eos
1322 5407 1466 5457 recondis-e
1490 5407 1522 5457 ob
1556 5408 1666 5470 culpam
1716 5407 1785 5457 item
1802 5406 1822 5454 li
1839 5405 2071 5456 Prosdoitaoair
2089 5405 2231 5457 troissals
2252 5403 2359 5456 Parisis

334 5466 506 5542 ductoribus
521 5466 753 5576 ereptamugpion
767 5467 906 5528 dignItati
920 5479 976 5519 res·
1024 5467 1094 5517 dicti
1107 5468 1260 5516 servientis.
1276 5466 1344 5518 Item
1359 5469 1497 5519 tenebitur
1513 5477 1539 5520 et
1553 5469 1666 5534 conpte-
1716 5469 1750 5519 de
1763 5467 1872 5532 plainte
1883 5467 1989 5530 simple.
2002 5465 2080 5517 Hinc
2094 5466 2237 5532 Prouape,
2248 5470 2357 5536 Prepa·

334 5532 427 5590 tituil,
452 5531 485 5580 ut
510 5528 587 5578 recte
604 5538 661 5578 scu
683 5528 924 5580 itnuctortract.
940 5529 976 5580 de
1025 5532 1072 5579 tur
1088 5543 1116 5579 se
1137 5530 1226 5580 teneri
1237 5534 1409 5594 presentare
1426 5530 1498 5581 dicto
1514 5531 1586 5582 dom.
1610 5531 1665 5582 nb·
1716 5532 1766 5582 sili
1780 5531 1931 5582 districtus
1943 5527 2162 5592 etiurisdictio.
2175 5532 2284 5583 charta
2299 5529 2357 5579 Fr1·
