5000 6172
296 277 337 344 {2
577 273 653 341 bnt

293 441 448 505 Praeceptor
467 439 501 488 da
523 437 630 498 Barles,
644 436 721 486 Frat.
735 435 876 487 Jordanas
894 435 929 485 de

294 503 384 554 Mison
402 503 555 564 Praecptor
575 499 819 558 Embrednnensis,
833 497 879 548 Fr.
896 496 927 546 C.

293 566 327 615 de
345 565 430 616 Turre
443 564 596 624 Praeceptor
617 562 718 610 Domus
735 559 872 610 Limasiae.
889 558 930 608 De

293 626 437 679 semilarib.
450 640 512 676 vero
524 625 578 674 Dn.
599 623 743 674 Comitissa
756 629 848 672 mater
858 635 929 684 prse-

293 690 360 740 dicti
373 689 493 744 Comitis,
507 685 642 738 Geraldus
654 685 744 736 Amici
756 685 847 746 frater
859 698 928 745 ejus,

294 753 328 803 R.
353 752 386 801 de
414 750 594 809 Medullinae,
616 748 741 799 Ricunus
764 747 799 796 de
821 745 928 804 Insula,

295 813 477 865 Riasnbaldus
505 813 540 861 ds
563 809 684 873 Dalfino,
701 809 877 858 Bertrandus
896 808 930 856 de

300 876 462 934 villamuro,
478 873 625 923 Guibertus
640 873 673 922 de
689 872 801 930 neam,
813 869 845 919 P.
862 870 929 920 Cor-

292 952 409 997 sannus,
435 936 467 985 Ρ.
491 935 593 995 vervis,
620 934 704 985 Galil.
738 933 772 982 de
798 931 929 993 Bedoino,

295 999 385 1048 Guido
397 999 484 1062 Repo,
499 998 542 1048 Ro
564 999 685 1046 mundus
699 994 801 1046 Suavis
813 995 931 1056 scriptor

293 1062 393 1124 fratris
407 1059 438 1110 C.
457 1060 555 1109 Catelli
569 1059 687 1120 scripsit.
702 1058 809 1108 Charta
824 1057 881 1108 alia
896 1069 930 1107 ex

296 1123 429 1174 Tabulas.
458 1123 485 1172 S.
512 1121 651 1172 Maxentii
676 1121 871 1170 pictavensis:
895 1117 931 1166 In

294 1186 407 1234 nomine
417 1182 539 1243 Domini,
554 1196 600 1246 eoo
614 1181 762 1232 Canterius
775 1179 931 1242 Presbyter

295 1247 370 1311 filius
391 1247 526 1297 Ademari
546 1245 580 1294 de
602 1243 697 1294 Gurdo
718 1243 783 1293 dedi
803 1243 929 1292 animam

297 1323 385 1358 meam
408 1315 433 1358 et
452 1321 549 1370 corpus
567 1320 659 1356 meum
683 1306 790 1355 Damno
805 1303 930 1367 Goffredv

295 1371 394 1422 Abbati
406 1370 512 1420 sedenti
523 1370 555 1419 in
569 1369 696 1430 Capitale
716 1383 777 1416 cum
789 1365 931 1415 Monacbie

294 1433 353 1483 suis
366 1434 410 1482 dse
431 1432 550 1495 qstodam
563 1430 706 1481 Dominico
724 1429 866 1479 Adventus
881 1427 930 1477 De

294 1495 367 1545 mini
388 1494 420 1542 in
443 1497 600 1544 societatem
625 1498 651 1541 ιι
674 1490 931 1551 beneficiumtotius

293 1556 464 1614 Monasterii,
477 1563 503 1605 et
523 1555 635 1618 quando
651 1553 761 1604 voluero
781 1553 930 1602 Monachus

294 1631 432 1679 esse,cum
453 1617 533 1668 rebus
552 1631 622 1680 quus
640 1616 767 1676 tabuere,
791 1615 930 1675 accipiant

293 1696 345 1742 me,
361 1682 416 1731 sive
434 1693 546 1739 sanum,
566 1680 623 1728 sive
639 1679 790 1740 infirmum.
807 1676 878 1726 Dedi
892 1676 930 1726 eis

292 1757 380 1792 unam
394 1743 549 1792 bordarium
565 1742 599 1792 de
616 1746 701 1800 terra,
714 1743 837 1788 etunum
850 1751 930 1800 quar-

294 1805 394 1855 terium
420 1805 454 1854 de
481 1809 563 1866 prato
574 1817 624 1865 pro
644 1799 774 1862 beneficio
797 1806 823 1850 ιι
842 1801 931 1849 salute

293 1869 452 1917 animarum
465 1871 615 1928 parentvm
632 1877 755 1914 meorum
767 1863 798 1912 in
816 1863 930 1912 eleemo-

293 1941 404 1993 synam,
420 1929 480 1977 sina
504 1927 564 1976 ulla
589 1927 765 1990 requisitione
789 1923 931 1986 proveniet

293 2005 369 2041 mess.
383 1988 440 2051 lpsi
465 1995 559 2039 autem
584 2003 628 2038 me
651 1994 676 2037 et
700 1987 818 2048 fratrem
838 2000 930 2036 sneum

293 2053 409 2102 Lucium
424 2052 458 2101 de
475 2053 524 2100 boc
544 2049 672 2112 beneficio
694 2063 757 2098 curn
775 2048 881 2110 Reputo
890 2063 931 2099 rs·

295 2115 448 2164 vestierunt
459 2127 516 2168 nos,
528 2117 554 2162 et
564 2112 681 2162 osculati
694 2117 768 2160 ιιιιιι.
783 2109 819 2159 Et
830 2110 930 2160 ibidem

296 2175 473 2227 convenimus
484 2175 585 2224 donum
598 2175 646 2223 boc
659 2187 677 2222 a
697 2173 815 2222 dominis
828 2174 932 2222 nostris

296 2238 456 2288 carnalibus
465 2235 690 2286 servaturosiloc
699 2235 801 2284 mnam
816 2235 932 2296 fecimus

296 2315 358 2350 cum
368 2300 421 2348 isto
430 2312 596 2361 perpamenc
609 2311 692 2360 super
705 2298 804 2354 altare,
815 2297 931 2345 videnti·

295 2363 344 2412 bus
370 2361 482 2410 testibus
504 2361 564 2410 istis
584 2359 753 2422 subscriptis,
770 2365 819 2409 etc.
845 2357 931 2409 Facta

295 2431 334 2475 cst
347 2430 441 2473 autern
462 2424 518 2472 leuc
544 2422 680 2471 Cisarlula
700 2435 748 2470 an.
768 2421 802 2470 ab
816 2419 929 2470 incarn.

299 2486 411 2536 nint.
436 2499 451 2532 r
485 2490 571 2535 nante
590 2483 690 2532 Ludcv.
717 2483 790 2545 Repe
803 2488 828 2532 ιι
846 2481 929 2532 Cuill.

295 2548 398 2599 Comite
409 2547 441 2596 in
478 2547 617 2608 quitonio,
626 2546 707 2596 Petro
719 2559 826 2608 quoque
837 2544 929 2618 Episc.

294 2610 460 2660 Pictavvnst.
477 2609 666 2658 'tabularium
688 2608 715 2658 S.
741 2607 872 2668 Dionysii
896 2608 931 2658 de

297 2673 414 2735 Capella
437 2671 571 2721 dtoecesis
598 2669 797 2729 bituricensis,
823 2669 932 2719 tibarta

299 2735 344 2785 112
368 2749 374 2782 :
411 2731 468 2793 Epo
491 2731 661 2782 Ambiordus
692 2731 766 2793 filius
790 2729 933 2780 Bernordi

299 2795 459 2846 Grosstnetli
474 2795 552 2844 video
565 2793 639 2857 quod
658 2793 690 2842 in
710 2792 833 2855 periculo
848 2807 932 2842 mun-

298 2859 373 2906 dano
384 2856 489 2921 positus
499 2857 560 2914 sim,
576 2855 638 2904 nolo
649 2855 826 2917 depenervre,
840 2855 932 2904 volens

298 2920 376 2980 sequi
399 2918 513 2978 vestipia
536 2920 686 2981 parentum
705 2930 837 2976 sucorum,
851 2915 932 2966 trado

298 2995 342 3030 sne
350 2981 406 3031 Deo
417 2987 441 3030 ιι
453 2979 481 3030 S.
489 2979 621 3041 Dionysio
627 2986 653 3029 et
662 2978 803 3028 Monaclsis
815 2979 932 3041 Capella

298 3043 330 3090 in
343 3056 431 3091 manu
444 3041 588 3112 {inculpat
599 3040 704 3091 Prioris
722 3041 852 3090 avuncuii
869 3041 931 3098 mci,

298 3105 350 3154 toli
369 3111 464 3153 tamen
480 3103 646 3160 conditione,
663 3109 694 3151 ut
716 3103 769 3152 sim
794 3103 933 3164 particeps

297 3167 331 3216 de
345 3166 481 3276 ιιιιιιᾹῖίιιιι
507 3170 534 3214 ιι
558 3164 728 3214 orationibus
754 3164 887 3214 Ecclesia.
900 3163 933 3214 st

296 3233 390 3278 autem
433 3227 555 3276 onacbus
577 3241 633 3276 esse
650 3227 768 3285 voluero,
785 3226 932 3289 honorilice

296 3305 340 3340 me
351 3291 497 3352 recipiant,
515 3296 541 3338 et
553 3287 717 3351 ubicumque
731 3302 775 3338 me
786 3289 856 3336 mori
867 3302 931 3336 con-

295 3353 397 3414 tigerit,
410 3349 620 3413 dilipentissime
634 3357 665 3398 ut
676 3350 793 3412 fratrem
804 3349 932 3400 Ecclesia

292 3411 932 3540 abaciatintc‘cttttittilt

294 3537 410 3600 [annulis
419 3537 542 3586 e'nsdem
554 3536 691 3587 Ecclesia.
704 3537 740 3586 ut
748 3537 855 3587 Charta
867 3536 930 3587 173:

295 3600 351 3649 Deo
378 3604 404 3649 et
450 3637 455 3648 .
476 3599 607 3664 Dionysio
630 3605 656 3648 et
676 3599 732 3648 loco
744 3598 862 3660 Capella
876 3611 932 3670 ιιιιΙ

296 3660 373 3710 dedit
397 3665 423 3710 et
445 3675 513 3710 sua:
538 3663 586 3712 boc
599 3661 684 3711 etiam
700 3661 806 3720 addito,
819 3661 892 3724 quod
907 3673 932 3709 ss

295 3723 449 3786 aliquando
472 3723 524 3772 sibi
547 3723 667 3785 placeret
700 3723 845 3773 strictioris
870 3723 932 3772 vita

295 3786 406 3835 sanitas
419 3785 538 3848 inoredi.
554 3785 703 3835 Monachus
715 3785 752 3834 ibi
766 3785 851 3846 fieret,
865 3784 931 3834 olte-

294 3847 354 3896 rins
370 3848 495 3897 Ecclesia
509 3847 561 3896 sibi
576 3848 714 3912 denepata
734 3847 856 3897 licentia.
879 3847 929 3898 bn.

294 3909 358 3960 173:
377 3908 458 3959 Dedit
482 3924 601 3973 namque
628 3910 807 3972 supradictus
830 3908 932 3959 Petrus

295 3970 932 4106 tttltttttttinctitiistcrctiff

296 4100 362 4143 runt
380 4095 406 4146 ei
433 4095 564 4158 beneficia
583 4095 708 4159 ejusdem
727 4095 785 4154 loci,
806 4094 931 4144 videlicet

294 4157 478 4206 necessariam
495 4171 591 4220 escam,
605 4157 797 4208 storatianum
817 4157 929 4214 portici·

291 4219 443 4332 pctiorggom.
458 4219 529 4270 vide
539 4220 570 4270 L.
585 4221 739 4270 Asterium
752 4219 787 4269 ad
802 4217 929 4270 Guibert.

295 4292 486 4392 pOblatcrurn
510 4346 608 4394 autem
640 4345 670 4393 et
693 4342 867 4392 Donatorum
897 4354 931 4394 ea

295 4409 358 4456 erat
367 4406 504 4466 conditio,
517 4409 590 4456 ulex
601 4405 714 4455 tamilla
723 4404 931 4455 Menaenorum

295 4470 491 4526 censerentur,
506 4465 609 4517 Abbati
627 4465 822 4517 obedientiam
846 4466 931 4527 proii-

295 4530 434 4590 terentur‚
449 4532 479 4579 et
493 4530 601 4579 victum
625 4531 655 4578 et
673 4529 810 4579 vestitum
834 4527 870 4578 ab
894 4529 931 4578 ils

295 4593 548 4650 consequerentur.
599 4591 640 4640 De
682 4589 848 4640 obedientia
887 4593 931 4641 est

295 4652 402 4702 charta
417 4665 450 4702 ex
462 4652 562 4702 Tabul.
579 4652 746 4703 Grassensis
762 4652 930 4702 Monasterii

295 4713 440 4777 descripta
458 4714 495 4764 ab
525 4714 645 4764 acherio
673 4714 709 4764 ad
740 4713 928 4764 Guibertum:

295 4773 403 4837 Seipsos
421 4782 448 4824 et
472 4775 567 4824 omnic
592 4775 664 4824 bona
688 4787 741 4824 suu
763 4776 931 4848 peneraliter

295 4837 375 4896 dant,
380 4875 426 4887 .....
439 4842 465 4887 ιι
483 4837 669 4886 incontinenti
682 4843 849 4898 promittunt
869 4837 929 4887 obe·

294 4899 429 4948 dientiom
450 4899 538 4948 eidem
561 4899 672 4947 domino
693 4899 792 4948 Abbati
818 4900 930 4948 nomine

294 4960 362 5010 dicti
374 4961 545 5018 Monosterii,
552 4960 659 5024 junctis
679 4960 808 5011 monibus
818 4975 827 5010 :
838 4965 865 5012 et
877 4961 929 5010 ibi·

293 5022 357 5072 dem
373 5022 461 5072 Abbas
482 5023 580 5082 recipit
605 5023 691 5072 dictos
715 5023 876 5072 Blacaciam
903 5028 929 5074 et

293 5085 446 5134 iudanam
456 5085 563 5147 junctis
582 5085 710 5134 manibus
731 5085 881 5147 introires
903 5092 930 5137 ιι

313 5147 441 5208 articipes
452 5153 478 5195 et
490 5147 609 5196 Donatos
622 5147 688 5196 dicti
697 5147 868 5210 Monosterii,
879 5155 928 5198 etc.

321 5209 424 5258 evictu
441 5221 505 5260 vero
520 5213 549 5258 et
571 5211 677 5260 vestitu
703 5213 799 5260 exstat
823 5209 929 5260 Charta

294 5271 326 5320 in
352 5269 507 5321 Tabulario
535 5271 738 5334 casauriensi,
768 5283 856 5334 quam
883 5272 930 5322 hic

294 5332 415 5382 damus:
438 5331 473 5381 In
495 5333 547 5382 Dei
566 5334 694 5395 nomine,
723 5333 758 5382 ab
785 5332 927 5382 incarnat.

293 5393 406 5443 Domini
419 5392 483 5444 lesu
506 5395 607 5444 Cliristi
631 5411 678 5445 on.
702 5396 773 5446 1159.
797 5393 860 5444 lnd.
890 5396 928 5446 11.

294 5455 339 5505 die
352 5456 390 5506 21.
403 5471 491 5507 mens.
507 5456 649 5508 Novembr.
665 5457 722 5520 Epo
735 5457 837 5506 Petrus
853 5455 930 5518 filins

294 5519 433 5580 quondam
448 5517 563 5569 Wolteri
570 5519 691 5570 civitatis
702 5518 852 5579 Sulmone,
860 5518 930 5568 bona

293 5587 320 5629 et
331 5586 506 5643 ecpontcnea
521 5595 581 5631 mea
593 5581 732 5632 voluntate
745 5580 830 5631 obtuli
845 5593 887 5631 me
903 5587 929 5630 et

1259 269 1337 338 ont
1409 271 1413 280 '

978 434 1145 485 Monosterio
1157 434 1185 485 S.
1206 434 1391 485 Dicitana...
1411 433 1461 486 Cui
1480 434 1566 485 etiam
1589 441 1615 486 ιι

979 496 1027 547 tibi
1041 498 1151 546 domino
1164 497 1278 548 Leonati
1292 498 1441 547 venerabili
1462 497 1562 547 Abbati
1582 512 1615 548 oo

979 561 1293 610 sanctissucceesoribvs
1316 561 1371 608 tuis
1392 559 1425 608 in
1450 567 1614 623 perpetuum

979 622 1060 682 dono,
1072 621 1164 686 offero,
1184 629 1210 672 ct
1223 621 1339 673 ιοιιιιάο
1353 636 1441 670 unum
1453 623 1615 671 cancrinum

979 699 1070 733 meum
1087 686 1165 745 infra
1188 685 1279 748 ipsam
1305 684 1444 734 civitatem
1467 682 1615 744 Salmonae,

980 751 1030 796 etc.
1041 745 1087 794 Ita
1101 754 1194 795 tamen
1207 753 1237 795 ιιι
1249 747 1334 795 tiones
1348 747 1462 798 moriar.
1475 746 1577 796 victam
1589 751 1616 796 ιι

978 808 1171 858 uestimentum
1184 808 1219 857 ab
1233 809 1326 858 eodem
1348 815 1435 858 vestro
1448 807 1615 858 Monosteric

979 871 1017 919 ad
1035 869 1232 934 sufficientiam
1255 869 1390 919 babeam:
1418 869 1491 932 qam
1517 870 1615 933 bajus·

979 931 1053 982 modi
1066 933 1193 982 omnibus
1204 932 1326 983 absolute
1337 933 1398 994 feci,
1414 935 1440 982 et
1454 937 1534 982 testes
1545 932 1615 980 milti

979 1008 1036 1044 esse
1050 994 1145 1057 rocavi
1157 994 1321 1057 subscriptos
1332 995 1466 1053 homines,
1488 999 1537 1043 etc.
1560 995 1615 1044 'la-

981 1056 1127 1107 bularium
1139 1056 1349 1108 vindocinense
1359 1057 1467 1106 Charta
1480 1057 1543 1107 446:
1559 1055 1616 1106 Ode

980 1118 1013 1166 de
1026 1117 1163 1168 dorsariis
1176 1119 1225 1182 qui
1234 1119 1289 1180 suit
1299 1119 1439 1178 bcrperius
1460 1118 1546 1167 sibiet
1557 1118 1616 1168 illis

980 1180 1056 1229 dedit
1070 1181 1164 1229 omnia
1177 1195 1237 1243 qua
1251 1181 1289 1230 ad
1303 1194 1422 1239 praesens
1434 1153 1559 1240 babebat,
1573 1180 1615 1230 vel

979 1256 1034 1291 sem
1055 1256 1085 1290 er
1098 1242 1244 1292 habiturus
1256 1243 1296 1292 vel
1304 1243 1369 1304 jure
1400 1255 1553 1292 assessurae
1561 1242 1616 1291 loco

980 1303 1010 1353 S.
1049 1304 1176 1354 rinitatis
1195 1304 1332 1376 uniuersis
1346 1256 1426 1354 rebus
1440 1317 1511 1368 quas
1530 1304 1615 1376 possi-

980 1365 1070 1425 debat,
1085 1367 1209 1416 videlicet
1221 1380 1254 1414 sn
1273 1366 1365 1415 ovibus
1383 1369 1408 1416 et
1427 1380 1559 1425 nummus,
1583 1380 1617 1415 ac

979 1441 1105 1486 annona,
1117 1443 1167 1490 per
1181 1429 1265 1478 telem
1281 1430 1501 1478 convenientiam
1516 1432 1547 1478 ut
1558 1428 1616 1489 ipse

981 1489 1038 1538 Odo
1048 1491 1179 1553 reciperet
1191 1490 1359 1540 solummodo
1377 1489 1478 1540 victum
1490 1495 1517 1540 st
1535 1489 1614 1540 vesti-

980 1559 1039 1601 tum
1050 1560 1245 1616 competentem
1259 1567 1277 1602 a
1299 1552 1432 1602 Monoclso
1453 1560 1478 1602 et
1503 1550 1617 1602 Hulselo

980 1613 1115 1676 quamdiu
1128 1614 1236 1673 vicerit,
1249 1627 1306 1663 non
1329 1620 1421 1664 autem
1445 1614 1535 1664 ovium
1552 1628 1616 1676 pre-

979 1691 1040 1738 cem
1056 1677 1127 1726 sicut
1148 1676 1250 1726 solebat
1277 1675 1389 1726 ceddae
1416 1690 1444 1726 se
1463 1690 1541 1736 uene,
1568 1676 1617 1726 sed

980 1744 1075 1789 tartsen
1098 1753 1181 1800 super
1201 1742 1323 1800 pastores
1350 1691 1502 1788 secundqum
1527 1737 1616 1788 uisum

980 1799 1031 1850 sibi
1042 1799 1097 1849 erit
1108 1800 1230 1862 qualiter
1242 1808 1268 1850 et
1287 1800 1419 1864 quomodo
1439 1814 1507 1862 pren
1527 1801 1616 1849 ovium

981 1863 1147 1912 tractandus
1160 1863 1197 1912 sit
1220 1877 1326 1926 versiper
1345 1861 1503 1912 decernens.
1518 1864 1616 1912 Actum

986 1923 1132 1975 vindocini
1145 1897 1216 1976 tvai.
1230 1925 1337 1976 Obarta
1357 1937 1425 1974 ann.
1451 1925 1521 1975 lass.
1546 1930 1614 1975 tom.

980 1987 1003 2036 7.
1021 1987 1168 2049 spicilegii
1182 1988 1283 2038 Aelter.
1300 1999 1364 2050 pag.
1379 1986 1442 2036 272:
1459 1985 1615 2037 Conceden-

981 2054 1020 2098 ιιι
1032 2047 1104 2098 vobis
1118 2048 1197 2098 dictu
1210 2049 1326 2098 dominre
1341 2048 1458 2098 Mabiliae
1474 2047 1617 2098 Priorissae

980 2109 1060 2160 dicta
1068 2110 1205 2170 Ecclesia,
1218 2114 1244 2160 ιι
1253 2124 1304 2173 per
1315 2125 1359 2160 vos
1369 2111 1433 2159 aliis
1442 2110 1615 2161 Priorissis...

982 2173 1096 2222 liberam
1119 2181 1146 2223 ιι
1172 2172 1330 2235 plenariam
1359 2177 1519 2234 potestatem
1546 2173 1617 2222 reci-

979 2235 1076 2297 piendi
1094 2235 1228 2285 Moniates
1257 2241 1316 2283 torn
1345 2248 1502 2294 coaeternas,
1550 2248 1618 2284 uam

981 2296 1110 2358 Clericus,
1125 2303 1151 2347 et
1165 2297 1276 2360 fratres,
1290 2300 1316 2345 et
1328 2296 1458 2357 Donalos,
1475 2302 1501 2346 et
1549 2311 1615 2346 cna·

981 2365 1033 2419 tas,
1046 2365 1104 2408 tam
1115 2358 1212 2408 Laicos
1222 2372 1306 2422 quam
1319 2357 1437 2409 Clericus
1449 2359 1497 2423 qui
1510 2359 1618 2408 intrare

980 2421 1117 2470 voluerint
1154 2418 1306 2471 Ecclesiam
1333 2420 1539 2483 supradictam,
1571 2422 1619 2470 boc

981 2483 1103 2532 adbibita
1110 2483 1305 2544 moderamine,
1315 2488 1346 2532 ut
1358 2497 1451 2532 omnes
1463 2484 1618 2532 habitantes

981 2544 1090 2602 ibidem,
1102 2546 1208 2607 possint
1215 2546 1250 2595 de
1258 2545 1335 2594 bonis
1344 2544 1470 2595 Ecclesia
1480 2545 1618 2594 commode

981 2607 1149 2656 sustentari:
1173 2609 1216 2656 ita
1232 2608 1305 2671 quod
1325 2620 1418 2656 omnes
1441 2607 1488 2668 qui
1508 2607 1618 2656 intrare

981 2669 1127 2725 voluerint,
1140 2669 1212 2719 vobit
1234 2669 1421 2718 obedientiam
1441 2669 1616 2731 promittant,

981 2737 1007 2781 et
1021 2731 1111 2781 vivere
1119 2731 1205 2806 jacta
1219 2732 1344 2793 repetam
1356 2731 1389 2780 Β.
1400 2731 1553 2790 Benedicti,
1568 2740 1617 2781 etc.

983 2794 1103 2844 Pactum
1116 2793 1224 2844 initum
1237 2795 1312 2843 inter
1327 2793 1467 2844 Abbatem
1484 2795 1510 2844 S.
1526 2795 1618 2844 'inev-

981 2855 1074 2910 dardi.
1088 2859 1118 2906 et
1133 2855 1337 2916 Raymundutn
1353 2856 1493 2906 Comitem
1508 2856 1618 2906 Tolosa

982 2915 1231 2968 ann.1231.inRe
1252 2921 1314 2969 esto
1331 2916 1473 2968 Tolosano
1489 2929 1554 2978 pag.
1569 2917 1616 2968 25:

980 2977 1050 3028 Item
1062 2979 1173 3042 petebat
1185 2979 1239 3040 (Ab
1261 2977 1304 3041 as)
1317 2992 1410 3028 omnes
1419 2979 1546 3042 justitias
1561 2979 1618 3040 Mo·

981 3041 1134 3090 nacborum
1157 3047 1182 3090 et
1206 3040 1372 3090 Clericoram
1398 3045 1424 3090 ιι
1445 3041 1618 3090 Donatorum

981 3117 1102 3160 suorum,
1118 3109 1143 3152 et
1155 3103 1309 3163 specialiter
1328 3101 1444 3164 familia
1462 3117 1527 3161 suae,
1543 3103 1618 3152 vide'·

982 3164 1044 3214 licet
1056 3165 1228 3214 Donatorum
1242 3164 1352 3213 illorum
1365 3165 1413 3227 qui
1427 3165 1458 3214 in
1473 3165 1572 3226 templo
1587 3165 1616 3214 S.

985 3226 1139 3276 vicodardi
1149 3226 1257 3276 donant
1269 3240 1298 3276 ιι
1309 3231 1335 3275 ιι
1347 3241 1400 3276 sua
1412 3227 1499 3276 eidem
1512 3225 1618 3276 Manas-

981 3290 1059 3348 terio,
1073 3294 1099 3338 et
1118 3291 1285 3349 promittunt
1307 3287 1493 3338 obedientiam
1518 3288 1619 3338 Abbati

981 3358 1007 3400 et
1021 3351 1217 3400 successoribus
1228 3349 1294 3406 suis.
1308 3359 1334 3399 et
1346 3350 1449 3400 victum
1460 3351 1618 3413 percipiunt

981 3426 998 3461 a
1013 3412 1088 3461 dicto
1104 3413 1236 3462 Ecclesia.
1249 3413 1285 3463 Et
1300 3413 1377 3463 inira
1389 3429 1394 3462 :
1407 3412 1477 3462 Item
1487 3413 1618 3462 concessit

980 3474 1109 3524 maninus
1120 3474 1213 3524 Comes
1226 3475 1300 3536 quod
1311 3475 1400 3524 Abbas
1412 3474 1522 3524 liaberet
1532 3479 1618 3524 totam

979 3536 1119 3600 justitiam
1142 3535 1357 3594 Monacborum,
1385 3536 1569 3598 Clas-icarum,
1591 3544 1618 3586 el

980 3599 1109 3710 :citit
1124 3598 1618 3725 sitin“tltttttmcttta

980 3721 1083 3785 recepti
1098 3730 1130 3772 ut
1144 3737 1231 3784 snpra
1242 3721 1347 3771 dictum
1361 3729 1410 3784 est,
1430 3728 1455 3772 et
1477 3729 1532 3772 non
1555 3738 1617 3785 pos-

980 3791 1046 3832 sunt
1070 3785 1162 3846 facere
1192 3791 1388 3841 testamentum
1415 3784 1476 3835 sine
1503 3799 1618 3835 assensu

981 3846 1102 3897 Attalis.
1117 3847 1233 3898 Statuta
1247 3849 1348 3897 eontra
1365 3847 1522 3910 baereticos,
1540 3847 1617 3910 apud

981 3908 1124 3960 catellum
1144 3909 1173 3958 in
1200 3907 1362 3959 vomitibus
1389 3909 1522 3960 Tolosan.
1550 3921 1615 3972 pag.

979 3971 1044 4022 851:
1059 3970 1281 4032 Districliusquo
1302 3985 1335 4020 uc
1356 3971 1525 4020 mandemus
1545 3969 1618 4034 quod

980 4031 1013 4081 in
1031 4033 1112 4082 nulla
1129 4031 1253 4082 Ecclesia
1277 3985 1362 4082 gaico
1389 4033 1560 4096 recipiantur
1588 4036 1617 4082 in

980 4094 1102 4144 Donatus
1115 4095 1153 4144 od
1165 4093 1340 4154 prebendam
1355 4095 1436 4157 ponis
1448 4101 1474 4144 et
1493 4094 1561 4154 viui,
1583 4095 1618 4144 de

981 4171 1097 4219 quornm
1119 4158 1196 4219 turpi
1223 4157 1427 4207 conversatione
1451 4157 1618 4206 scandulum

979 4225 1139 4282 ueneratur.
1155 4219 1207 4269 Sed
1222 4220 1249 4269 id
1271 4217 1422 4292 spectabat
1445 4218 1565 4270 Oblatas
1588 4223 1618 4270 et

982 4281 1180 4343 [invalescat
1194 4283 1225 4331 in
1245 4281 1317 4343 ipsis
1331 4281 1515 4332 Monssteriis
1531 4281 1617 4342 dege-

962 4388 967 4398 .
982 4341 1052 4394 bant
1062 4355 1097 4395 ao
1108 4342 1323 4394 deserviebant:
1338 4347 1368 4394 et
1379 4343 1511 4393 habitum
1523 4343 1617 4394 torma

981 4406 1010 4454 et
1024 4406 1118 4456 colore
1131 4406 1277 4457 diversum
1292 4418 1309 4455 a
1332 4406 1542 4456 Menaenorum
1563 4417 1615 4456 ess·

982 4469 1108 4516 terarum
1125 4473 1201 4518 veste
1213 4467 1391 4519 deferebant.

1011 4527 1162 4579 interdurn
1178 4531 1361 4581 Monasteriis
1376 4541 1410 4581 se
1423 4528 1560 4580 Ecclesiis
1575 4531 1617 4580 ita

981 4599 1043 4640 sese
1057 4587 1224 4650 offerebant,
1238 4591 1395 4650 donabant,
1413 4603 1448 4642 ae
1468 4592 1617 4654 mancipa-

981 4650 1061 4713 bant,
1076 4654 1109 4702 ιιι
1128 4651 1183 4714 ipsi
1210 4664 1244 4703 aa
1266 4664 1367 4704 eorum
1390 4653 1542 4717 progenies
1566 4665 1616 4717 pro

980 4713 1070 4764 servis
1100 4714 1236 4766 Ecclesia
1266 4715 1402 4790 deinceps
1431 4715 1615 4776 haberentur,

980 4776 1100 4827 dimissa
1114 4777 1143 4826 in
1166 4778 1295 4829 enuitste
1308 4789 1342 4828 ac
1357 4777 1500 4828 libertate.
1514 4777 1617 4828 Exstat

981 4837 1118 4948 preclara
1130 4789 1271 4900 efusmodi
1293 4838 1450 4890 oblationis
1463 4839 1570 4890 Charta
1586 4839 1616 4889 in

1005 4899 1137 4950 abutario
1166 4900 1372 4951 vindocinensi
1408 4901 1486 4952 bisce
1523 4901 1616 4951 verbis

979 4965 1118 5023 concepta
1131 4978 1136 5010 ε
1151 4961 1220 5012 Cum
1232 4963 1268 5010 sit
1281 4963 1357 5010 omni
1367 4962 1478 5012 carnali
1489 4962 1616 5025 inpensi-

980 5026 1036 5072 tnte
1064 5024 1221 5084 peneresius
1245 5031 1399 5074 entremum
1427 5023 1617 5087 quodcumque

978 5085 1029 5134 Dei
1041 5086 1193 5142 servilium,
1212 5086 1313 5137 scilicet
1325 5085 1399 5150 quod
1413 5088 1525 5135 terreno
1543 5086 1616 5135 nobi-

980 5147 1045 5196 litas
1061 5148 1160 5196 multos
1182 5149 1343 5210 plerumque
1370 5148 1499 5197 vitiorum
1527 5161 1617 5197 servos

978 5206 1059 5268 fucit,
1072 5211 1187 5259 servitus
1199 5222 1260 5259 vero
1275 5210 1378 5260 Christi
1394 5211 1497 5260 nobiles
1508 5209 1616 5259 virtuti-

979 5271 1028 5320 bus
1038 5271 1140 5330 reddit,
1152 5286 1232 5321 nemo
1250 5280 1343 5322 autem
1364 5273 1428 5323 sani
1448 5273 1547 5334 capitis
1564 5273 1616 5322 vir-

979 5333 1082 5382 tutibus
1109 5333 1176 5382 vitia
1203 5335 1418 5397 comparaverit,
1453 5335 1539 5384 claret
1566 5348 1617 5395 pro

979 5401 1051 5444 certo
1065 5409 1128 5444 eum
1142 5409 1198 5446 esse
1211 5397 1419 5460 qenerosiorem,
1442 5397 1490 5462 qui
1511 5409 1539 5445 ιι
1565 5395 1616 5445 Dei

979 5457 1089 5507 servitio
1126 5457 1253 5506 rubuerit
1274 5457 1440 5520 proniorem.
1469 5457 1544 5518 Quod
1568 5471 1616 5520 eoo

979 5517 1092 5583 Rnynal
1115 5533 1144 5566 us
1170 5519 1347 5582 intellipens,
1371 5521 1533 5583 ,iustumque
1559 5533 1616 5569 esse

978 5594 1043 5628 vera
1057 5580 1166 5631 ratione
1180 5583 1362 5645 perpendens,
1378 5596 1441 5631 oum
1452 5596 1495 5633 me
1509 5583 1544 5632 ab
1556 5583 1616 5631 avis

1929 269 2006 338 OBL

1664 435 1790 508 bumana
1815 435 1972 499 protulerit,
1996 435 2104 487 nullius
2129 436 2303 488 necessitatis

1662 503 1774 560 penitus
1783 498 1924 548 occasione
1937 506 2058 562 copsme,
2070 507 2225 562 spontanea
2238 513 2301 549 mea

1663 559 1803 610 voluntate
1816 560 1959 624 meipsum,
1973 574 2106 624 meosque.
2120 562 2144 609 si
2156 573 2224 623 quos
2235 562 2303 611 milti

1664 621 1780 680 dederit,
1791 623 1969 672 successionis
1983 623 2089 682 tsberos,
2102 623 2134 671 in
2156 622 2301 673 servitium

1664 685 1744 732 trado
1757 683 1786 732 S.
1807 684 1961 744 Trinitatis,
1975 691 2001 734 st
2012 685 2133 747 fratrum
2145 685 2229 746 hujus
2240 686 2303 745 loci,

1663 752 1799 807 reputans
1814 761 1856 796 sne
1874 746 1908 794 ab
1936 746 1988 796 bac
2016 745 2061 796 die
2088 747 2200 806 inante,
2230 748 2304 798 sicut

1664 821 1752 857 unum
1764 809 1922 871 quempiam
1933 809 1968 858 de
1979 808 2065 858 servis
2077 821 2180 866 eorum,
2197 809 2236 858 ad
2257 810 2304 872 ta·

1664 869 1794 919 ciendum
1806 870 1840 919 de
1851 885 1895 919 me
1906 874 1932 920 st
1943 869 2023 920 rebus
2035 871 2102 920 meis
2113 871 2252 934 quidquid
2263 872 2303 922 eis

1665 932 1743 981 salva
1751 931 1870 994 justitie
1884 931 2102 995 beneplacuerit.
2124 931 2161 982 Et
2182 947 2218 982 ne
2243 934 2306 996 quis

1663 998 1743 1054 putet
1756 994 1862 1042 timoris
1871 1007 1968 1054 causa,
1979 995 2021 1044 vel
2033 994 2197 1056 cupiditatis
2207 995 2306 1060 adqvi-

1665 1056 1747 1105 rendi
1777 1055 1887 1118 aliquid
1921 1058 2114 1106 transitorium
2150 1069 2194 1107 me
2227 1057 2306 1108 istud

1665 1131 1757 1180 apere,
1774 1118 1844 1166 sciat
1858 1124 1884 1168 et
1904 1117 1998 1168 crsdm
2015 1132 2059 1168 me
2081 1118 2111 1168 id
2132 1119 2254 1180 primum
2271 1134 2305 1170 ac

1663 1179 1837 1243 potissimum
1869 1180 2110 1230 resaluteanimae
2120 1181 2305 1242 meusaccre5

1665 1241 1831 1305 deindeque
1863 1243 1938 1291 circo
1951 1257 1995 1292 cos
2019 1255 2037 1290 a
2063 1256 2150 1305 puero
2180 1245 2305 1293 nutritas

1665 1306 1759 1352 onmia
1773 1317 1843 1366 pene
1857 1303 1942 1354 babeo
1954 1305 2032 1367 apud
2048 1318 2110 1365 ecs,
2136 1310 2163 1355 ιι
2188 1319 2238 1367 per
2262 1320 2305 1356 eos

1665 1366 1837 1428 conquirens,
1847 1366 1953 1429 justius
1967 1366 2036 1416 mibi
2053 1381 2111 1417 esse
2132 1368 2252 1428 videtur,
2274 1375 2306 1418 ut

1666 1428 1719 1488 ipsi
1741 1427 1862 1477 babeant
1888 1442 1972 1491 quam
1998 1428 2072 1478 atius
2098 1429 2160 1492 quis
2180 1429 2247 1480 iam.
2269 1428 2305 1479 In

1666 1490 1853 1539 testimonium
1865 1494 1959 1540 autem
1973 1489 2136 1564 hujusmosi
2166 1491 2305 1553 editionis,

1666 1558 1696 1599 ut
1709 1559 1807 1601 certior
1821 1553 1874 1613 sit,
1897 1560 1923 1602 et
1942 1551 2051 1614 firmior
2074 1553 2150 1602 omni
2175 1560 2304 1617 tempore,

1666 1613 1804 1662 cartulam
1819 1615 1904 1662 istam
1926 1613 2007 1664 scribi
2033 1614 2137 1676 rocavi,
2162 1629 2304 1689 manuque

1666 1688 1728 1725 mea
1740 1673 1836 1725 Crucis
1849 1674 2029 1739 impressione
2039 1675 2159 1739 sienem,
2171 1677 2305 1727 adtribuis

1666 1737 1779 1786 testibus
1796 1739 1844 1802 qui
1858 1752 1901 1788 me
1921 1739 1970 1787 boc
1991 1739 2085 1800 facere
2107 1739 2254 1799 viderunt,
2279 1745 2306 1790 et

1665 1801 1826 1859 audierunt,
1874 1813 1972 1849 uorum
1999 1800 2055 1850 isto
2084 1806 2149 1850 sunt
2178 1803 2304 1863 nomina,

1668 1862 1725 1910 Odo
1736 1859 1844 1923 Sudor,
1855 1815 2018 1918 ioscelinus,
2033 1861 2164 1917 Carinus.
2184 1863 2306 1914 Heraeus

1665 1924 1741 1984 silius
1755 1923 1886 1979 Alclserii,
1901 1924 2039 1973 Girordus
2061 1923 2225 1988 Hospitalis,
2250 1925 2306 1975 Odo

1666 1991 1747 2047 puter
1759 1985 1909 2046 Lamberti,
1923 1985 1950 2034 Η
1989 2001 2004 2035 o
2017 1985 2092 2048 tilius
2101 1986 2213 2050 Morini,
2224 2002 2306 2038 omne

1667 2047 1836 2110 Capitulum.
1851 2000 2116 2098 Actvmuitndvctnt
2129 2047 2161 2098 in
2176 2049 2305 2111 Capitulo

1667 2109 1862 2160 &Trinitatis
1880 2124 1928 2160 an.
1950 2109 2029 2160 Dom.
2054 2110 2168 2162 incarn.
2190 2112 2261 2162 1079.
2280 2113 2304 2163 6.

1666 2171 1707 2222 lv.
1722 2171 1805 2222 Mart.
1820 2171 1883 2223 lnd.
1897 2173 1920 2222 2.
1946 2172 2101 2224 ordericus
2125 2173 2229 2225 Vitatis
2255 2175 2303 2224 lib.

1666 2235 1689 2284 3.
1705 2247 1769 2298 pag.
1782 2235 1844 2286 tas:
1863 2235 1983 2298 Recepta
1997 2238 2135 2297 sospitate,
2156 2243 2305 2298 perpetua-

1668 2296 1732 2346 liter
1746 2297 1777 2346 in
1790 2309 1898 2346 servum
1913 2302 2007 2346 sancto
2018 2296 2115 2347 lodoco
2126 2297 2246 2347 tradidit
2267 2312 2304 2348 se.

1697 2359 1714 2394 ⁰
1729 2358 1836 2410 Obarta
1851 2371 1919 2410 ann.
1941 2360 2057 2410 circiter
2077 2359 2148 2410 1162.
2177 2373 2212 2410 ex
2241 2360 2304 2411 Lib.

1667 2421 1702 2472 de
1715 2421 1810 2472 Servis
1822 2421 1852 2471 ln
1873 2420 2029 2471 Tabulario
2051 2421 2305 2482 Maioris-monas·

1669 2484 1733 2533 terii
1746 2483 1794 2533 iol.
1810 2482 1841 2532 16
1853 2497 1859 2533 :
1871 2481 2017 2542 Noveritis,
2034 2484 2058 2531 si
2072 2483 2121 2546 qui
2144 2484 2221 2533 eritis
2242 2497 2306 2546 pos·

1667 2544 1721 2594 teri
1745 2545 1846 2606 nostri.
1871 2545 1988 2606 Maporis
2011 2544 2114 2595 scilicet
2138 2545 2308 2596 habitatores

1667 2605 1878 2657 monasteriis.
1899 2605 2026 2664 Martini,
2052 2609 2193 2668 {amulum
2211 2623 2307 2672 quem·

1668 2669 1734 2718 dam
1750 2667 1898 2718 Ciraldam
1917 2669 2044 2731 nomine,
2066 2670 2187 2720 liberiori
2206 2684 2307 2732 uenere

1668 2745 1702 2780 ec
1720 2731 1865 2804 provincia
1885 2730 2076 2793 Bituriqensi,
2100 2734 2156 2782 loco
2181 2731 2307 2782 videlicet

1668 2792 1765 2852 Closso,
1786 2797 1867 2856 patre
1888 2791 2017 2850 Geraltlo,
2039 2792 2307 2857 Malo-clavocopno

1667 2855 1751 2912 mine,
1766 2860 1856 2904 matre
1870 2869 1932 2904 vero
1945 2855 2087 2906 Adelende
2098 2861 2197 2916 ortum,
2210 2871 2223 2904 s
2243 2863 2306 2906 onte

1666 2931 1715 2979 pro
1727 2929 1820 2966 amore
1833 2917 1885 2967 Dei
1898 2924 1993 2966 saneto
2014 2917 2136 2967 Martino
2156 2917 2188 2965 in
2248 2918 2308 2967 mni

1668 2978 1775 3028 abbatis
1787 2978 1894 3028 Alberti
1914 2979 2063 3041 prasentia
2088 2993 2117 3029 se
2142 2981 2233 3042 ipsum
2255 2982 2307 3030 bac

1668 3042 1776 3090 ratione
1790 3041 1940 3090 tradidisse
1951 3041 1982 3090 in
1994 3055 2111 3102 servum,
2133 3047 2163 3090 at
2187 3056 2243 3090 non
2264 3056 2307 3091 so-

1668 3103 1725 3152 lum
1737 3103 1805 3164 ipse,
1817 3117 1912 3152 uerum
1925 3104 2009 3152 etiam
2024 3103 2114 3152 ornnis
2126 3117 2160 3153 sc
2171 3117 2201 3153 eo
2213 3104 2306 3153 nasci·

1668 3170 1733 3213 tura
1746 3165 1897 3226 provenien,
1918 3163 2025 3215 cunctis
2048 3165 2143 3215 dubus
2165 3167 2226 3215 cites
2251 3181 2306 3215 suss

1668 3225 1762 3276 abbati
1775 3226 1859 3288 liujus
1873 3226 1925 3276 loci
1939 3233 1965 3276 ιι
1976 3226 2113 3289 {ratribus
2131 3226 2224 3278 servili
2246 3242 2307 3278 con·

1667 3288 1773 3337 ditione
1783 3287 1966 3350 famulentur.
1985 3288 2021 3338 Et
2043 3295 2075 3338 ut
2094 3290 2150 3339 bec
2170 3291 2232 3353 ejus
2252 3298 2307 3339 tra·

1667 3351 1734 3399 ditio
1748 3351 1850 3400 certior
1861 3355 1887 3400 st
1898 3351 2052 3401 evidentior
2071 3360 2218 3414 appareret
2228 3392 2233 3412 ,
2257 3365 2307 3414 pro

1668 3413 1853 3474 reconniaone
1864 3411 1935 3462 servi
1947 3421 2066 3475 quatuor
2080 3414 2211 3463 denarios
2223 3427 2307 3477 super

1667 3482 1749 3538 caput
1771 3475 1915 3538 propriam
1942 3489 2057 3536 ponens,
2079 3475 2136 3525 Dec
2159 3484 2306 3539 sanctoque

1668 3537 1788 3648 ‘isaram
1800 3551 1828 3588 se
1842 3537 1937 3588 taliter
1958 3538 2009 3587 sub
2027 3537 2069 3587 bis
2095 3538 2207 3588 testibus
2232 3539 2306 3588 obta-

1679 3600 1708 3660 ti,
1723 3606 1773 3648 etc.

1699 3661 1795 3723 Hujus
1808 3663 1905 3712 autem
1918 3660 2082 3712 Oblationis
2094 3662 2119 3712 is
2137 3663 2200 3712 eret
2221 3663 2305 3723 ritus,

1669 3725 1745 3773 utin
1759 3724 1909 3774 servitutis
1922 3724 1998 3774 ultro
2024 3727 2165 3786 susceptat
2187 3725 2305 3785 signnm

1667 3788 1792 3846 quatuor
1817 3785 1929 3836 denarii
1965 3783 2144 3836 offerrentur.
2169 3785 2304 3836 Tabulas.

1669 3847 1882 3898 vindocinense
1902 3847 1954 3898 Ob.
1976 3847 2040 3898 114:
2066 3847 2228 3898 voluntaris
2249 3861 2306 3898 sese

1668 3909 1786 3958 tradidit
1798 3907 1939 3959 Martinus
1945 3910 2060 3972 quidam
2066 3909 2178 3967 ¹invenis
2187 3911 2305 3971 pere-nni

1667 3971 1854 4020 servitiodum
1877 3970 2022 4030 adcluserit,
2046 3970 2213 4022 Monasterio
2241 3972 2304 4021 vin-

1667 4032 1851 4083 desinentis.
1879 4033 2043 4083 Trinitatis:
2063 4034 2109 4082 cui
2132 4035 2307 4084 conventioni

1667 4095 1949 4157 coramfratribusin
1973 4094 2102 4157 Capitate
2123 4097 2213 4158 facta,
2237 4110 2305 4157 pras·

1667 4165 1756 4206 sentes
1778 4157 1968 4220 interfuerunt
1992 4159 2041 4222 qui
2068 4158 2172 4207 subscri
2193 4159 2214 4206 ti
2239 4165 2307 4207 sunt

1667 4226 1757 4277 testes,
1778 4218 1826 4268 sub
1848 4232 1966 4281 camum
1989 4220 2139 4282 prasentia
2194 4221 2306 4270 arlinus

1666 4283 1740 4330 idem
1758 4281 1933 4344 superposuit
1955 4281 2041 4331 ultori
2070 4282 2143 4331 lianc
2169 4283 2304 4340 obertum,

1666 4343 1764 4392 oblatis
1782 4343 1814 4392 in
1839 4343 1993 4393 testimonio
2022 4351 2142 4406 qualitor
2169 4345 2304 4404 denariis,

1667 4405 1739 4467 quod
1751 4411 1790 4454 est
1802 4406 1910 4455 servilis
1921 4405 2096 4455 conditionis.
2111 4407 2192 4456 Idem
2210 4406 2304 4458 Tubu·

1667 4467 1773 4517 larium
1787 4467 1894 4519 (ibatta
1907 4467 1950 4519 111
1963 4483 1969 4517 :
1987 4467 2172 4517 Tradidorunt
2193 4483 2256 4530 erpo
2278 4483 2307 4518 se

1668 4529 1773 4578 Damno
1785 4528 1884 4579 Abbati
1905 4530 2018 4579 oderico
2028 4529 2114 4594 juxta
2134 4531 2307 4580 consuetudi-

1666 4605 1730 4640 nem
1743 4605 1882 4640 servorum
1897 4605 1989 4640 coram
2009 4592 2206 4655 suprascriptis
2228 4593 2305 4642 testi--

1666 4653 1716 4702 bus
1729 4653 1758 4701 in
1773 4653 1910 4715 Capitale.
1925 4653 2025 4704 Postea
2040 4667 2102 4704 vero
2117 4653 2230 4715 firmata
2251 4661 2305 4704 tes-

1667 4715 1737 4764 tibvs
1749 4717 1803 4764 isto
1818 4715 1978 4766 traditionis
1992 4729 2048 4764 sue
2061 4716 2176 4774 Clsorta,
2190 4716 2306 4766 traditis

1666 4791 1774 4840 quoqne
1786 4777 1884 4839 seipsis
1898 4777 1992 4836 altori,
2008 4791 2096 4827 nsanu
2110 4778 2225 4839 propria
2237 4793 2305 4838 prse-

1666 4847 1770 4889 sentem
1797 4837 1923 4889 cbartom
1948 4847 2183 4902 superposuerunt
2207 4841 2304 4892 altari.

1666 4901 1788 4950 Numina
1802 4901 1923 4960 testium,
1935 4909 1983 4952 etc.
2006 4902 2041 4953 In
2056 4903 2156 4952 eodem
2178 4903 2306 4953 Tabula·

1667 4963 1808 5014 rioi.196.
1826 4962 1970 5015 Goffridus
1991 4965 2026 5015 de
2046 4964 2181 5014 Pruliaco
2201 4964 2305 5016 Comes

1668 5026 1901 5084 vindocinensis,
1914 5037 1981 5076 cum
1994 5025 2029 5076 ob
2041 5027 2183 5088 quasdam
2205 5025 2306 5077 Eccle-

1666 5089 1717 5138 site
1727 5088 1753 5138 S.
1767 5087 1921 5138 'trinitatis
1931 5087 2153 5140 vindocinensis
2164 5087 2305 5139 bonorum

1666 5150 1832 5199 invasiones
1862 5150 1967 5201 fuisset
1992 5150 2083 5201 sacris
2112 5149 2304 5209 interdictus,

1666 5211 1769 5261 deinde
1781 5211 1969 5262 anathemate
1981 5213 2105 5268 solutus,
2118 5211 2203 5260 nudis
2225 5211 2306 5270 pedi-

1665 5270 1715 5321 bus
1725 5286 1789 5321 cum
1803 5273 1969 5335 quibusdam
1981 5273 2038 5322 suis
2050 5276 2098 5336 qui
2114 5285 2177 5323 cum
2200 5286 2230 5322 ιο
2254 5273 2303 5323 Ca·

1664 5333 1786 5397 pilulam
1799 5336 1929 5387 violenter
1942 5335 2136 5406 intraverant,
2154 5335 2305 5397 prostravit

1666 5411 1694 5446 se
1706 5401 1772 5446 ante
1787 5398 1876 5448 altare
1889 5398 2059 5448 dominicum
2073 5403 2099 5447 et
2110 5396 2166 5447 Dn.
2188 5395 2305 5446 Abbatis

1665 5459 1780 5520 pedibus
1787 5473 1797 5517 ,·
1810 5459 1900 5524 ibiqu
1922 5462 2057 5523 promisit,
2078 5473 2170 5512 coram
2196 5459 2252 5510 Deo
2277 5464 2304 5510 et

1667 5519 1778 5572 Sanctis
1808 5521 1869 5584 ejus
1895 5523 1968 5585 quod
1996 5538 2143 5598 nunquam
2174 5523 2304 5585 deinceps

1664 5596 1788 5645 persone
1800 5583 1832 5632 D.
1844 5583 1956 5633 Abbatis
1967 5584 2008 5634 vel
2020 5586 2165 5648 crepuslibet
2174 5585 2303 5634 Monoclsi

292 5655 527 5694 omnesresmeas
545 5643 658 5693 mobiles
678 5649 704 5694 et
730 5642 879 5693 immobiles
898 5643 930 5692 in
977 5648 1004 5692 et
1030 5641 1121 5692 atavis
1149 5645 1319 5695 naturaliter
1346 5643 1464 5696 liberum
1495 5645 1617 5695 conditio
1664 5644 1710 5694 sui
1732 5645 1868 5695 damnum
1886 5646 2000 5710 aliquod
2019 5647 2142 5708 quolibet
2162 5647 2302 5696 occasione
