5000 6172
38 5489 40 5555 i

39 5729 41 5852 i

467 238 544 307 out
1147 235 1223 304 OBL
1822 238 1898 308 cub
2162 242 2183 310 9

180 408 387 535 pinnggomm
407 411 433 457 el
458 405 522 469 sceti
543 407 667 456 oninium
693 404 807 456 Sancto·
857 413 910 465 pue
928 400 950 450 il
970 403 1021 451 eoit
1037 402 1129 464 clerae,
1151 409 1177 452 el
1199 416 1251 468 que
1269 404 1291 454 ii
1305 403 1365 454 hait
1377 417 1448 467 pour
1461 417 1495 454 eo
1544 407 1605 456 rius
1625 406 1662 456 ad
1685 406 1754 468 Reg.
1776 407 1803 458 S.
1826 407 1974 460 Benedicti
1993 421 2054 474 cap.
2079 410 2118 460 59.
2145 413 2183 466 At

180 486 239 525 rum

241 507 248 520 .
318 469 385 520 Vide
399 466 491 518 Oltoto
510 468 574 518 Vini
588 469 618 518 in
635 467 696 518 Oila
706 467 744 531 a]
875 463 965 512 ortion
981 464 1142 515 mlltlorees
1159 465 1279 517 deterre
1295 467 1313 516 d
1332 466 1492 518 Totlmoie...
1544 467 1653 519 Paulus
1671 469 1827 530 Dionaeae,
1850 472 1955 520 nonin
1978 472 2056 544 polla
2081 473 2183 525 altorio

208 533 225 568 θ
239 533 334 584 Oenlu
348 533 527 591 Convenere,
554 530 672 588 Muicta,
695 541 806 592 quoeex
854 478 894 598 fil·
912 540 941 575 ee
962 540 991 576 ce
1009 531 1063 600 eat¹
1085 527 1177 590 emole,
1195 541 1264 577 noue
1287 529 1381 578 uolam
1408 529 1494 592 pu’eie
1542 534 1664 602 onorata,
1682 531 2006 593 eediailloloirolio,tn
2023 542 2180 598 quaportu

178 593 270 654 rebus,
302 595 383 646 ntein
399 593 732 650 commiteumvenerunt
746 592 806 642 exi·
855 594 907 660 eorl
927 601 962 636 en
982 589 1101 651 reitpton
1120 602 1132 650 ,·
1152 597 1177 640 et
1195 591 1422 641 adonceleouro
1436 592 1491 642 300.
1543 598 1589 640 tur
1603 592 1686 651 calta,
1713 595 1827 656 quando
1852 593 1929 644 debat
1951 597 1991 645 od
2014 597 2180 661 eomificium

176 659 260 720 gitur.
281 608 408 706 iactum
434 655 510 706 inter
538 656 626 718 episc.
651 656 752 765 Apum.
777 657 807 705 et
856 649 938 700 laurea
949 649 982 700 de
993 650 1100 700 renlcd
1113 665 1145 700 ea
1158 653 1207 702 uie.
1220 653 1436 764 scoparentum
1447 664 1492 703 vo·
1542 651 1644 764 offerri,
1668 668 1729 718 que
1743 655 1846 704 otiatur
1859 670 1915 707 ease
1930 657 2039 718 altario,
2063 672 2093 708 eo
2103 662 2181 771 guod

175 720 270 770 comit.
285 719 357 769 Furi
369 729 438 766 ann.
452 717 521 767 1297.
544 728 579 767 ex
601 714 805 766 Tabu.castri
856 711 1261 777 lunlalineutlauamparere
1290 714 1491 776 egibusliberi
1542 717 1628 765 atari
1654 715 1773 766 servitur
1792 719 1824 767 ia
1848 732 1890 767 eo.
1913 720 2076 772 Bernartius

175 781 242 832 Fur.
257 795 263 828 :
281 780 357 839 Quod
370 792 465 828 omnes
476 778 607 828 incursae
624 782 650 828 et
672 778 743 826 hono
757 790 805 827 aa·
855 773 1106 836 astringebantur,
1126 779 1159 825 ut
1176 787 1210 826 ex
1232 777 1421 837 sequentibus
1440 777 1492 826 ibi·
1542 778 1641 828 nensis
1654 779 1715 828 baec
1730 778 1815 829 verba
1839 780 1874 831 de
1889 781 1973 830 Polla
1993 791 2105 832 comata
2119 725 2179 848 qesta

171 844 370 893 cantiorerum
386 839 804 903 mobiliumetimmobilium,...
855 837 921 886 dem
939 839 1018 899 patet
1040 852 1045 886 :
1070 837 1105 886 Et
1120 838 1252 887 securint
1264 839 1342 889 eoloil
1355 839 1445 919 qrt’eie
1457 853 1493 888 ne
1541 853 1648 903 semper
1664 841 2179 902 estinaltoriintelligendaconten-

170 913 194 955 el
208 904 290 954 oilie
304 901 717 954 Cianorum...ointcommuaio
731 905 806 952 inter
854 898 1100 972 fttotenreir'pion,
1118 911 1188 949 uoue
1207 900 1301 972 uoiorm
1323 902 1409 964 quote
1432 901 1491 950 hait
1541 902 1594 961 dit,
1609 903 1707 966 itaque
1727 901 1872 955 observari
1890 907 1941 956 ait.
1958 907 2012 956 Sed
2035 909 2176 959 rationem

171 966 239 1016 dom.
257 961 805 1028 episeopum‚...etdom.eomitem...Or·
853 973 925 1022 pour
941 974 972 1009 aa
996 961 1080 1010 lerant
1106 962 1226 1024 portion,
1252 975 1296 1012 aa
1317 964 1384 1013 mile
1411 963 1492 1013 liures
1542 964 1628 1014 istius
1641 965 1715 1014 ritus
1731 977 1787 1016 non
1802 967 1932 1026 tradunt,
1948 969 2059 1032 opinor,
2088 971 2176 1022 iuter·

170 1029 301 1078 dinamus
316 1027 389 1090 qaod
409 1027 434 1076 el
458 1027 559 1091 alique
580 1039 624 1076 ree
638 1025 805 1076 ohliolesue-
858 1022 991 1072 Tonrnoia
1000 1037 1072 1086 pour
1082 1023 1102 1073 tt
1113 1025 1228 1074 morter.
1541 1031 1793 1088 promeruerat
1809 1029 2177 1094 aliavideturquamauod

171 1093 250 1140 aiant
280 1089 313 1139 in
348 1089 530 1152 committam,
561 1101 682 1152 quorum
712 1102 805 1138 rerum
885 1085 918 1134 In
948 1085 1135 1158 disquirenda
1157 1087 1278 1148 hujusce
1302 1085 1490 1138 Oblationum
1540 1099 1612 1150 puer
1626 1088 1724 1138 divino
1743 1101 1773 1139 se
1798 1091 1916 1142 servitio
1935 1093 2177 1156 mancipandum

174 1152 251 1202 Oblie
274 1153 347 1202 dom.
363 1151 456 1201 comiti
478 1151 702 1208 noneoluontur,
732 1151 802 1200 dom.
855 1147 944 1196 moris
957 1158 990 1197 ac
1003 1150 1077 1220 ritus
1090 1149 1202 1208 origine
1216 1159 1272 1199 non
1287 1161 1345 1199 una
1358 1152 1403 1200 est
1415 1152 1490 1201 viro·
1542 1161 1660 1200 inanum
1686 1150 1764 1214 paiia
1788 1153 1892 1203 altaris
1914 1154 2044 1206 involvit.
2071 1155 2178 1208 Scribit

172 1229 254 1265 comeo
272 1218 299 1264 et
317 1215 390 1264 dom.
403 1213 545 1278 epiecopue
562 1218 713 1262 teneantur
726 1212 805 1274 infra
854 1220 919 1258 rum
932 1210 1112 1260 eruditorum
1137 1211 1291 1260 sententia.
1310 1211 1394 1262 Hanc
1412 1214 1490 1262 enim
1542 1212 1740 1263 Artemidorus
1761 1212 1809 1263 lib.
1830 1215 1853 1264 1.
1873 1213 2026 1267 onirocrit.
2047 1229 2109 1280 cap.
2135 1219 2174 1269 56.

171 1290 275 1326 aunum
295 1276 410 1327 etalem
422 1281 500 1326 extra
517 1287 632 1325 manum
653 1287 734 1324 auom
753 1287 804 1336 po·
854 1281 997 1332 supreme
1023 1274 1176 1333 parentum
1199 1273 1229 1322 in
1250 1273 1325 1324 iiiios
1354 1275 1490 1337 potestati
1540 1277 1671 1336 oportere
1686 1275 1728 1324 riv
1745 1275 1835 1338 ἔφησαν
1848 1271 1873 1326 ἐν
1887 1284 1916 1340 τῆ
1936 1278 2044 1343 χλαμύδι
2067 1281 2111 1330 nai
2132 1280 2176 1344 τὴν

171 1352 242 1388 m,
854 1333 994 1383 adscribit
1008 1333 1122 1392 Suares,
1136 1333 1266 1386 scribens
1288 1336 1380 1386 salam
1398 1337 1490 1399 patris
1541 1333 1620 1392 oetier
1643 1331 1801 1400 ὶσιιλημένην
1825 1335 1910 1402 treta*
1930 1340 1971 1392 διὰ
1994 1343 2022 1391 τὸ
2042 1338 2121 1404 ἀργὴν
2142 1345 2175 1406 μὴ

197 1397 210 1462 i
236 1397 415 1458 tentatie,
454 1397 571 1450 Offerre.
599 1398 741 1450 Miracuia
775 1397 802 1448 S.
854 1395 1033 1445 voluntatem
1052 1395 1185 1446 sufiicel'e
1201 1400 1234 1446 tlt
1257 1397 1308 1446 illil
1330 1397 1490 1448 Monaterio
1540 1395 1615 1456 cluat,
1637 1401 1681 1448 noti
1708 1400 1769 1461 πρὸς
1795 1399 1856 1461 tra
1882 1403 1925 1451 nai
1943 1403 2004 1464 πρὸς
2017 1403 2117 1467 λόγους,
2131 1405 2175 1468 τὴν

167 1463 315 1534 Dympne,
349 1466 418 1514 tom.
442 1461 467 1512 3.
491 1461 562 1511 Maii
584 1472 650 1524 pag.
676 1461 744 1512 491:
767 1457 805 1508 El
853 1456 1083 1516 obstringamur,
1119 1469 1176 1508 non
1215 1459 1359 1532 exquisito
1390 1471 1490 1510 eorum
1540 1469 1622 1532 χεῖρα.
1637 1459 1725 1532 Addit
1743 1417 1933 1524 tranfrancna
1957 1479 2086 1526 puerum,
2098 1465 2176 1527 facto

167 1538 226 1572 cum
242 1524 349 1574 ibidem
362 1526 473 1574 devolat
484 1536 560 1573 meaa
569 1535 663 1587 precer
676 1522 803 1573 Oblata·-
853 1529 1006 1580 consensu,
1027 1530 1114 1580 quam
1135 1520 1192 1570 voti
1210 1520 1248 1570 irs
1268 1533 1328 1572 vice
1347 1533 1410 1572 esse
1425 1533 1490 1572 con·
1539 1523 1592 1570 etot
1610 1535 1690 1584 pour
1714 1535 1822 1584 corone
1842 1525 1972 1574 monitor
1994 1532 2106 1588 portare
2118 1529 2175 1578 hoe·

166 1599 230 1645 em,
245 1594 294 1636 arc.
853 1580 956 1631 tendit.
972 1580 1028 1632 ulii
1043 1582 1072 1631 id
1085 1592 1102 1631 a
1117 1581 1212 1632 Veteri
1226 1583 1412 1634 Testamento
1425 1595 1490 1645 pro·
1540 1583 1609 1632 tiam
1623 1589 1649 1632 et
1662 1584 1774 1634 calicem
1795 1599 1856 1634 cum
1880 1585 1944 1635 uino
1967 1594 2027 1651 poet
2051 1589 2175 1653 duanae-

197 1649 219 1698 1.
238 1645 365 1706 omri,
384 1647 454 1699 dicti
478 1646 608 1697 infantes
622 1657 656 1698 ac
677 1645 802 1710 pueruli,
852 1641 1097 1701 tinxissevolnnt,
1125 1643 1155 1692 in
1172 1655 1229 1704 quo
1251 1645 1365 1695 Samuel
1393 1645 1490 1696 adbuc
1540 1645 1609 1694 llum
1624 1644 1768 1696 Sacerdoti
1797 1648 1827 1696 ui
1844 1646 2174 1712 Mirramcetehrot,tnm

165 1711 243 1823 tiit
256 1708 802 1823 itliiilltietitiiiititilt·
852 1703 1488 1830 iiiiiieilieminentiiiitiia
1539 1719 1618 1820 itit
1631 1709 2174 1838 titillattiitttttlitiilt

163 1845 217 1896 oue
232 1834 327 1885 cultui
342 1831 597 1892 consecrabantur,
619 1805 669 1884 ita’
683 1836 716 1882 ut
732 1834 802 1882 aeta-
853 1840 909 1879 nus
921 1828 1014 1879 carm.
1042 1829 1077 1880 de
1104 1829 1169 1880 Vita
1193 1841 1256 1887 soa.
1282 1842 1432 1890 enarrans,
1457 1836 1488 1881 ut
1540 1843 1645 1882 manus
1664 1833 1745 1896 pueri
1756 1833 1901 1885 involvere
1915 1835 1945 1884 in
1958 1809 2045 1899 pasta,
2060 1847 2118 1898 qua
2130 1838 2174 1887 el·

163 1899 221 1946 tem
239 1896 416 1946 adultiorem
440 1895 605 1946 consecutis
619 1905 677 1945 non
704 1894 802 1944 liceret

852 1891 953 1940 statim
967 1892 1053 1951 atauo
1070 1891 1100 1940 in
1120 1891 1213 1942 lucem
1233 1892 1329 1942 editas
1347 1895 1392 1944 est
1407 1905 1424 1944 a
1437 1905 1486 1956 pa·

162 1957 335 2009 discedere:
358 1957 433 2019 qnod
457 1958 481 2007 si
500 1958 639 2010 tacerent,
653 1967 704 2067 pro
718 1967 799 2019 apos·

851 1953 984 2004 rentibus
999 1954 1058 2003 Deo
1072 1952 1188 2004 oblatus
1202 1953 1307 2004 tuterit:

161 2019 232 2070 tatis
248 2019 438 2071 haberentur.
464 2018 496 2070 Id
518 2030 551 2069 ex
573 2019 654 2080 Regu
669 2029 685 2068 a
706 2018 801 2068 sancti
901 2039 945 2096 Ὦς
961 2040 987 2090 δ»
1000 2045 1071 2120 ἦχον,
1084 2033 1154 2098 eiii<
1168 2039 1273 2118 ww
1284 2036 1423 2154 ἂλλὸτὸως,

902 2101 1080 2165 Ἀλλοτριωσιν
1095 2107 1138 2164 τὴν
1151 2104 1229 2165 καλὴν
1243 2121 1278 2153 τω
1308 2103 1339 2166 cip
1375 2109 1417 2163 εῶ,

898 2163 1043 2227 Παρίστομ’
1057 2161 1090 2222 ὡς
1105 2160 1182 2227 ἀμνὸς
1196 2183 1232 2223 τις
1244 2123 1370 2230 {fugo-pac
1385 2157 1463 2230 pilot,

897 2225 968 2289 (θῦμ’
981 2221 1078 2290 εὐγενές
1091 2245 1117 2277 τι
1131 2230 1175 2278 noti
1194 2227 1261 2294 λόγῳ
1277 2229 1424 2292 τιμώμενον,

903 2287 985 2339 Ὀκνῶ
993 2289 1041 2352 γάρ
1054 2285 1131 2340 εἰπεῖν
1140 2286 1173 2348 ὡς
1183 2289 1304 2354 Σαμουὴλ
1314 2291 1421 2351 marlot,
1431 2293 1485 2342 etc.

1538 1895 1600 1966 tare
1612 1897 1778 1958 coopertum
1794 1893 1847 1955 est,
1867 1899 1896 1946 et
1912 1899 1997 1958 cujus
2012 1910 2079 1961 pars
2091 1901 2174 1972 ante·

1538 1957 2173 2092 iiii.liliitiiittiiiiiiiieiiill:

1536 2079 1784 2132 3.Oansuetud1n.
1799 2079 1929 2132 cluniac.
1953 2094 2016 2146 cap.
2041 2085 2066 2134 8.
2091 2085 2174 2136 Post·

1537 2153 1624 2202 quam
1636 2143 1714 2194 enim
1725 2143 1895 2206 petitionem
1908 2147 2046 2208 parentis,
2055 2147 2097 2198 vei
2109 2158 2124 2197 e
2139 2159 2173 2198 us

1539 2203 1646 2254 vicarii
1659 2203 1821 2268 descripsit,
1839 2205 1898 2256 hec
1913 2206 2013 2257 subdit
2036 2223 2042 2258 ε
2066 2209 2105 2258 ric
2130 2210 2174 2270 pit

1538 2265 1594 2328 ipae
1607 2278 1677 2329 puer
1688 2279 1750 2314 cum
1764 2265 1900 2330 offertorio
1912 2276 2041 2329 patenam
2054 2274 2081 2319 et
2104 2271 2173 2320 cali·

1536 2340 1603 2388 cem,
1625 2328 1714 2376 hoolio
1736 2329 1774 2376 t'm
1795 2329 1875 2388 oolla,
1893 2337 1919 2379 et
1939 2331 2002 2379 uiuo
2022 2332 2126 2394 insuto,
2146 2339 2173 2382 et

1536 2389 1576 2438 ilo
1605 2389 1729 2439 Vicort'uo
1752 2344 1801 2441 ilfa
1824 2392 1937 2441 invaluit
1954 2407 2069 2442 monum
2090 2398 2172 2457 pueri

1535 2465 1596 2500 cum
1607 2452 1688 2514 palia
1699 2451 1810 2510 altario,
1824 2460 1855 2502 ut
1867 2460 1925 2504 lom
1940 2453 2032 2517 ipsum
2042 2469 2171 2518 puerum,

1535 2527 1620 2576 qttont
1634 2513 1694 2577 ejus
1705 2513 1872 2576 aocrificium
1888 2515 1986 2580 afferat
1998 2531 2016 2566 a
2032 2520 2172 2570 cacerdole

1535 2575 1736 2638 recipiendum.
1755 2577 1851 2626 Postea
1864 2577 1995 2628 induitur
2008 2581 2125 2642 cuculla,
2145 2585 2172 2631 et

850 2635 927 2683 modi
951 2633 1107 2685 oblationis
1142 2635 1237 2686 ,barto
1265 2636 1373 2686 Sanctii
1392 2637 1485 2686 Bami-
1534 2637 1570 2686 de
1585 2643 1680 2686 cetero
1692 2638 1845 2689 benedictio
1863 2639 1923 2702 eju:
1942 2640 2072 2705 differtur
2085 2657 2171 2705 neque

850 2707 896 2746 ree
920 2696 1006 2756 Regis
1028 2700 1083 2746 Ara
1104 2707 1192 2746 onum
1218 2699 1294 2760 apud
1313 2695 1395 2760 ilepca
1414 2703 1483 2748 tom.
1534 2700 1572 2748 od
1584 2699 1737 2762 lepittmom
1748 2709 1865 2762 elatem,
1885 2703 1916 2751 ld
1935 2712 1984 2761 eat,
1998 2705 2022 2752 ei
2036 2717 2093 2754 non
2108 2718 2170 2753 am-

849 2707 1111 2832 acaronem}
1127 2759 1328 2832 Benedicti.et
1346 2761 1484 2811 Mertine-
1531 2761 1795 2834 retinendaeque
1826 2763 1863 2813 od
1888 2764 2046 2828 quindecim
2082 2780 2170 2816 annor

850 2820 926 2869 zlum
943 2821 972 2869 in
985 2820 1061 2870 Hrst.
1074 2821 1243 2871 Pinnatenst
1257 2821 1305 2871 irb.
1320 2823 1344 2871 li.
1358 2833 1420 2885 cap.
1434 2822 1482 2872 Ὧι
1533 2829 1631 2873 elatee.

856 2881 1001 2944 Vooipilur
1015 2880 1170 2943 confratres
1183 2884 1235 2932 mel
1246 2883 1281 2932 de
1299 2891 1394 2933 raucio
1410 2883 1484 2933 Pon·
1565 2885 1606 2936 Ex
1623 2885 1701 2936 dicte
1727 2887 1866 2949 preterea
1888 2887 1998 2948 Regula
2022 2889 2050 2940 S.
2078 2889 2169 2941 Bene-

849 2943 895 3016 lio,
908 2943 1078 2992 mitteremini
1086 2945 1280 2994 onranliaeimo
1291 2944 1349 3007 filio
1359 2959 1419 2995 meo
1430 2945 1483 2996 llo·
1534 2947 1614 3007 dicti,
1628 2959 1699 3010 puer
1716 2948 1831 2998 oblatus
1844 2949 1923 2998 omni
1938 2953 2090 3012 parentum
2105 2964 2167 3004 suc-

848 3005 1282 3141 ttittoetittffttettltl
1293 3007 1484 3142 liutet}
1533 3010 2007 3124 :centenitatem
2026 3015 2168 3136 little

847 3129 912 3191 lide,
930 3143 985 3194 quo
1001 3130 1098 3178 ohtrtlu
1117 3131 1259 3180 Abraham
1280 3131 1371 3195 {titum
1391 3146 1482 3192 ouum,
1533 3134 1609 3194 quod
1627 3107 1734 3184 diserte
1748 3133 1852 3184 docent
1876 3134 1961 3185 verba
2006 3138 2116 3187 arentis
2137 3138 2167 3188 in

848 3191 1103 3242 ethnaasomuel
1151 3193 1220 3242 llum
1246 3207 1327 3242 mum
1342 3194 1484 3244 Sacerdoti
1533 3195 1714 3246 oblationea
1737 3196 1969 3246 ndRicbardum
2021 3197 2165 3248 onacbum

847 3251 1114 3317 llelllaconopeclu
1151 3255 1338 3318 ei,qttaleauo
1360 3257 1393 3306 in
1419 3263 1483 3306 lem·
1534 3258 1671 3308 EremiS.
1722 3259 1837 3308 ariaein
1857 3257 1989 3309 Helvetia
2009 3275 2015 3310 :
2034 3259 2169 3310 Promitte

847 3316 893 3378 plo
917 3316 969 3367 Dei
992 3329 1099 3378 seraper
1122 3317 1268 3378 deserviat,
1305 3325 1389 3380 alque
1423 3319 1484 3382 ejus
1530 3333 1582 3382 per
1601 3319 1739 3368 Viuentem
1760 3319 1792 3367 iu
1809 3321 1918 3382 ceculo,
1941 3321 2007 3384 quia
2021 3334 2167 3396 nunquam

847 3379 971 3441 creneio
994 3385 1020 3428 et
1045 3379 1101 3428 vito
1119 3393 1152 3429 ac
1169 3382 1295 3429 doclrino
1313 3385 1481 3442 prouocatur,
1533 3382 1567 3430 do
1592 3382 1635 3432 illi
1658 3381 1846 3431 hereditatem
1868 3395 1958 3443 ettam,
1984 3388 2033 3432 out
2058 3383 2168 3446 aliquid

848 3454 899 3490 nec
918 3454 974 3490 non
1014 3441 1121 3490 reciduo
1146 3441 1271 3504 predicti
1293 3443 1345 3505 {ilii
1369 3444 1431 3504 mei,
1450 3457 1484 3492 ac
1533 3443 1680 3507 quicquam
1695 3457 1705 3492 .·
1722 3444 1771 3493 ted
1791 3443 1933 3494 ocherode
1952 3445 2030 3494 illum
2044 3446 2078 3495 ah
2092 3446 2169 3496 omni

847 3501 944 3552 ceolric
959 3516 976 3551 a
993 3505 1083 3566 julae,
1098 3504 1207 3553 ualeam
1230 3505 1374 3566 peruenire
1388 3506 1426 3554 od
1443 3505 1483 3554 ul·
1533 3518 1594 3554 laea
1608 3506 1774 3566 hereditate,
1790 3512 1819 3555 ul
1832 3506 1951 3556 exheres
1970 3509 2006 3556 rit
2025 3508 2056 3556 in
2074 3521 2166 3572 perpe·

847 3566 935 3614 realis
946 3565 1079 3614 Porodioi
1092 3566 1209 3627 pendia.
1223 3568 1314 3617 Aliam
1326 3567 1483 3618 oblationis
1533 3574 1621 3628 tuum,
1635 3567 1677 3616 ita
1691 3571 1721 3616 ut
1733 3581 1783 3630 per
1798 3567 1908 3618 nrtlium
1927 3569 2069 3632 inpertiam
2082 3570 2168 3633 poeoit

848 3627 1004 3678 iormuiam
1027 3627 1114 3678 habet
1134 3628 1189 3679 sub
1211 3641 1278 3679 ann.
1300 3629 1368 3678 illl.
1382 3631 1482 3681 eodem
1552 3643 1653 3679 uterere
1662 3631 1847 3678 hereditatem
1859 3644 1957 3682 meam.

848 3689 1007 3740 tomidem
1028 3687 1062 3738 Ye
1082 3702 1118 3738 ea.
1476 3753 1481 3763 .
1532 3645 1653 3742 licebat
1674 3695 1770 3741 tamen
1800 3693 1969 3756 parentibus
1992 3693 2168 3744 Monasterio

879 3751 926 3801 Sic
947 3762 1031 3814 porro
1061 3703 1173 3812 §egula
1196 3752 1223 3802 S.
1250 3751 1424 3803 Benedicti:
1451 3751 1483 3802 St
1532 3754 1642 3816 aliquid
1667 3753 1697 3803 in
1726 3754 1939 3815 eleemosynam
1962 3768 2014 3817 pro
2045 3756 2167 3806 mercede

161 2081 312 2132 Benedicti
331 2093 395 2145 cap.
413 2081 451 2131 59.
468 2081 613 2144 produxit,
630 2081 744 2131 tametsi
761 2081 801 2130 is·

161 2145 220 2194 tius
244 2142 405 2194 liberorum
423 2143 483 2193 Deo
508 2143 698 2193 dicandorum
727 2143 801 2192 ritus

160 2217 194 2256 oc
210 2206 300 2256 moris
314 2205 429 2269 primus
443 2207 545 2256 auctor
568 2203 667 2254 baberi
682 2215 739 2254 non
755 2204 801 2254 de-

162 2265 236 2328 beat,
259 2268 295 2318 de
319 2277 379 2329 quo
404 2267 446 2316 ita
469 2279 528 2330 pre
544 2267 655 2317 ceteris
680 2269 801 2316 sanctus

160 2327 360 2389 Hieronymus
376 2329 467 2392 Epist.
482 2331 517 2380 7:
537 2327 641 2392 Offerre
661 2341 711 2378 nec
722 2341 757 2376 ne
770 2328 800 2388 fi·

160 2390 226 2440 liam
240 2391 390 2453 poteetolie
402 2395 455 2438 tute
473 2391 528 2454 fult
541 2404 552 2451 ;
566 2403 728 2453 quanquam
742 2389 801 2438 aiio

159 2453 195 2502 sit
216 2457 267 2503 lua
284 2453 419 2512 conditio,
434 2467 493 2516 que
514 2453 595 2516 prius
615 2466 676 2502 eom
696 2452 799 2511 uoumli,

161 2529 244 2578 paam
260 2515 421 2576 conciperes
432 2529 442 2574 ,·
452 2521 482 2564 ut
498 2521 589 2566 autem
604 2514 730 2564 Oblatum
743 2526 800 2562 non

160 2591 179 2624 n
214 2579 295 2641 iique,
323 2577 363 2626 ad
410 2577 546 2626 oriculum
571 2583 649 2626 tuum
669 2577 799 2641 pertinet.

161 2643 181 2688 A
203 2640 237 2690 de
253 2641 276 2690 Ε
299 2641 351 2690 ist.
366 2639 405 2688 1⁴.
430 2639 525 2690 initio.
538 2639 693 2689 Satrianus
707 2637 754 2688 lib.
774 2637 798 2688 3.

162 2701 196 2750 ad
214 2701 325 2752 Bootes.
341 2701 448 2752 tietb:
471 2699 503 2751 Si
525 2701 574 2765 qui
596 2713 615 2750 a
636 2700 800 2764 parentibus

160 2761 211 2824 filii
226 2762 388 2827 ltfforuntur·
405 2761 470 2826 Deo,
493 2762 620 2813 omnibus
639 2763 705 2824 tiliis
726 2769 799 2824 post·

157 2835 304 2887 ponuntur
321 2824 415 2876 oblati
428 2838 438 2873 .·
451 2825 561 2889 ἰηάιρηὶ
568 2825 737 2888 judicantur
749 2824 800 2874 ha-

158 2887 284 2949 redilole,
302 2889 351 2950 oui
365 2888 444 2951 dipni
457 2886 574 2950 hiemat
588 2887 797 2936 coutecrolione.

156 2947 193 2999 Bt
205 2952 315 3001 Avitus
329 2949 501 3001 Viennensis
514 2948 563 3001 lib.
576 2949 601 3000 6.
615 2961 740 3013 poema.
749 2948 797 2999 24:

206 3053 233 3096 et
244 3055 300 3109 quin
308 3053 429 3108 principium
446 3065 479 3096 ota
491 3053 556 3097 uncti
564 3053 648 3097 imdoeit
656 3065 720 3107 moos,

204 3107 236 3149 To
250 3107 318 3150 timui
328 3107 408 3149 oderrit
418 3107 433 3149 C
468 3107 655 3204 siofflrolinoo
664 3108 714 3162 iptio

206 3159 496 3216 hocipitiootnitiacteniit
572 3159 683 3204 adlectio.

154 3257 191 3308 Et
205 3269 280 3308 vere.
298 3257 348 3308 76:

205 3361 728 3480 montemmaranum

206 3469 242 3510 Bu
251 3469 327 3524 puni,
337 3468 458 3524 omnaque
468 3469 540 3512 rudem
553 3469 579 3513 tie
587 3474 659 3512 renuo
667 3469 740 3514 dicavi.

153 3563 279 3617 Oblatas
302 3567 391 3616 etiem
413 3565 549 3629 deinceps
568 3566 599 3616 in
618 3566 690 3630 ipsis
713 3567 798 3617 cunis

154 3627 291 3678 infantes
310 3630 436 3678 testatur
459 3628 628 3688 anonymus
645 3629 674 3678 ln
700 3627 797 3679 Homi-

154 3688 194 3738 iia
207 3689 237 3740 in
251 3689 399 3739 Dominio.
413 3691 544 3742 octavam
561 3693 627 3752 post
644 3691 794 3742 Pentecos-

154 3753 202 3801 ten
220 3766 226 3798 :
249 3750 328 3800 Srtnt
349 3751 430 3800 mulli
451 3751 482 3799 itt
498 3758 597 3801 edecta
612 3749 736 3803 Ecclesia
750 3754 799 3816 qui

850 2384 922 2436 Vide
937 2386 1070 2436 eumdem
1086 2387 1165 2437 Orat.
1176 2387 1200 2437 l.
1214 2400 1279 2450 pag.
1293 2388 1332 2438 52.
1346 2391 1375 2440 et
1389 2389 1486 2440 Vitam

851 2447 909 2498 ils.
923 2449 951 2499 S·
971 2447 1123 2510 Gaugericl
1139 2450 1272 2512 Episcopi
1286 2449 1484 2502 Cameracens.

851 2508 899 2559 lib.
927 2510 950 2560 1.
980 2521 1042 2574 cap.
1071 2511 1096 2560 2.
1126 2511 1162 2562 Bt
1191 2512 1334 2562 Samuelis
1368 2515 1485 2574 quidem

849 2571 1012 2636 exemplum
1036 2573 1214 2684 descriptam
1231 2574 1337 2634 legitur
1357 2576 1386 2624 in
1411 2573 1485 2636 eins-

153 3811 188 3860 ah
208 3811 423 3886 ipeieinsaatie
440 3827 503 3887 ‘sue
528 3813 675 3887 cunabulie
692 3815 797 3887 manci·
847 3812 1189 3923 Zaisuforledeuohiiihuo
1206 3813 1285 3877 offert
1301 3813 1391 3887 hlium
1403 3828 1481 3863 ouum
1532 3828 1592 3888 oua,
1607 3814 1700 3872 idest,
1721 3817 1752 3865 in
1772 3826 1851 3878 spem
1878 3817 1983 3867 divinae
2005 3829 2167 3868 remunera·

149 3881 264 3936 pontur
281 3874 334 3924 Det
353 3881 472 3934 serottto,
489 3881 607 3925 elamat
623 3881 797 3939 temporem-
873 3888 944 3924 eotn
959 3875 1135 3933 Monaolerto,
1158 3889 1380 3938 stpuertntuort
1403 3882 1483 3926 elale
1533 3877 1621 3926 tionis
1637 3875 2165 3941 offerre:quaereresemperlaolum

152 3943 186 3984 tle
201 3951 259 3986 rue
283 3937 462 3986 immaculate
483 3937 540 3986 Deo
560 3938 662 3988 conire
676 3937 796 3998 eludent,

151 3999 209 4048 cire
224 3998 256 4048 in
278 3997 432 4048 Meroetica
451 3999 556 4060 ardiae,
577 4000 633 4051 ciue
649 4000 796 4052 canonico.

151 4059 358 4112 Herimannus
379 4061 414 4112 de
434 4061 655 4114 Restanralione
675 4063 701 4113 S.
721 4063 797 4112 Mar-

151 4123 206 4174 tini
236 4123 435 4173 Tornacensis
449 4135 511 4188 cap.
526 4123 559 4175 6¹2
581 4139 586 4173 :
610 4123 736 4183 Quantus
758 4123 797 4174 ihi

150 4186 283 4234 munium
302 4185 393 4233 iuctua
410 4199 467 4248 pre
488 4185 636 4236 dulcedine
654 4186 717 4249 fuit,
735 4201 796 4236 cum

150 4247 292 4296 eidecuerat
300 4253 431 4310 quartum
440 4245 530 4310 filium
544 4248 696 4311 lindulfum
707 4249 798 4298 adhuc

151 4307 307 4359 loclemem
323 4323 385 4358 cum
406 4310 545 4360 cunabulo
565 4310 694 4368 allatum,
719 4315 745 4360 et
763 4311 797 4360 do

150 4371 233 4420 menie
258 4384 279 4419 o
300 4375 382 4433 patre
402 4371 570 4421 abstractum
594 4386 705 4422 rursum
727 4373 795 4422 leva

150 4433 361 4569 ueniter:
375 4435 795 4569 remitmittere:

150 4563 205 4616 nal,
220 4571 282 4606 non
300 4571 362 4608 etue
374 4557 505 4622 lacrymis
518 4559 669 4608 multorum
681 4572 796 4608 circum-

151 4620 303 4668 stantium.

182 4680 199 4714 ⁰
214 4681 281 4731 Imo
294 4681 418 4732 necdum
437 4685 521 4734 natos
537 4682 614 4732 clero
629 4686 681 4733 aut
695 4694 795 4733 mona·

151 4743 257 4792 ciratui
283 4742 441 4806 aliqnando
472 4743 682 4808 aparentibus
705 4745 795 4796 luisse

151 4805 331 4864 destinatos,
343 4806 420 4856 inter
438 4808 542 4856 cetera
562 4806 647 4858 docet
668 4807 793 4858 Testem.

151 4865 289 4916 Rob.11.
318 4867 402 4918 ducis
427 4867 514 4930 Burg.
537 4878 605 4918 ann.
633 4868 702 4919 1297.
720 4869 796 4920 inter

151 4925 281 5000 Probat..
297 4931 366 4979 tom.
384 4927 408 4980 2.
431 4929 506 4980 iiist.
529 4929 617 4990 Bure.
630 4941 706 5042 t[latr.
735 4930 794 4981 92:

150 4989 248 5052 Apree
265 5002 297 5052 pe
312 4990 371 5040 uuit
391 5005 445 5054 que
462 4989 547 5055 Loope
567 4992 611 5054 (ir.
652 4993 675 5042 is

154 5049 232 5114 bert)
250 5051 301 5102 soil
320 5052 400 5113 clere,
421 5057 447 5104 et
467 5053 557 5103 haura
579 5053 603 5104 ie
619 5053 748 5104 choleattl
761 5055 796 5104 de

152 5111 289 5177 cpe....e
309 5113 338 5164 ia
359 5115 401 5164 oie
415 5115 513 5166 doudit
527 5114 579 5165 Lao
598 5129 611 5163 o
630 5121 692 5166 tant
707 5118 795 5166 aetde-

152 5181 244 5236 ment,
264 5180 291 5225 et
313 5177 353 5226 leo
374 5177 486 5227 tiendro
508 5191 544 5226 en
566 5129 597 5242 [ἴ

847 3941 894 3990 eet.
915 3941 1048 4000 parentet
1083 3951 1142 4000 crue
1168 3937 1277 3999 sociant
1311 3936 1481 4001 politionem,
1532 3939 1636 3989 docent
1657 3938 1789 3989 iormule
1819 3939 1961 4001 eiusmodi
1985 3941 2166 3992 oblationum

846 4011 931 4070 quom
957 3999 1244 4061 supradictorum&
1266 4013 1327 4048 cum
1349 3999 1482 4049 oblatione
1533 3999 1814 4051 moxdescribendae.
1851 4035 1858 4052 .

847 4073 936 4122 tpoom
951 4061 1113 4123 petitionem
1125 4066 1150 4111 et
1168 4074 1284 4110 monum
1302 4062 1383 4124 pueri
1398 4062 1482 4110 inuol-

846 4128 913 4171 uottl
926 4122 955 4172 iu
970 4122 1049 4186 pollo
1063 4123 1172 4184 altorio,
1188 4128 1212 4173 el
1226 4123 1264 4173 eic
1277 4137 1340 4173 eum
1354 4121 1480 4186 offerant.

846 4183 887 4233 De
905 4184 985 4234 rebus
1004 4191 1098 4235 aulem
1109 4185 1167 4234 aule
1181 4189 1232 4234 aut
1244 4185 1276 4233 ia
1295 4185 1426 4249 pretenli
1438 4199 1481 4248 pe·

847 4245 944 4296 titione
957 4247 1124 4310 promittant
1137 4247 1186 4296 aab
1205 4247 1401 4310 jurejurando,
1415 4249 1482 4310 puio

846 4323 992 4372 nunquam
1004 4323 1056 4372 per
1067 4323 1103 4368 re,
1118 4322 1264 4373 nunquam
1276 4322 1326 4372 per
1341 4309 1482 4372 suffectam

844 4384 991 4434 personam
1004 4385 1055 4422 uec
1069 4371 1185 4435 qnalibet
1198 4372 1277 4420 modo
1291 4373 1315 4420 ei
1327 4372 1483 4435 aliquando

846 4433 955 4494 aliquid
969 4433 1036 4483 dent
1049 4439 1099 4482 aul
1112 4435 1239 4484 tribuant
1251 4435 1418 4483 occasionem
1431 4433 1481 4483 ha-

846 4493 929 4544 bonor·
942 4510 951 4543 :
964 4495 1006 4544 uei
1021 4499 1092 4546 certe
1110 4497 1134 4545 et'
1156 4497 1204 4546 hoc
1217 4495 1309 4557 [orere
1330 4495 1480 4554 noluerint,

845 4562 871 4606 et
888 4556 996 4620 aliquid
1014 4557 1113 4620 offerre
1125 4559 1220 4607 uolunt
1236 4559 1267 4606 in
1282 4558 1482 4622 eleemosynam

846 4619 1012 4668 Menoeterio
1030 4634 1081 4683 pro
1108 4619 1232 4670 mercede
1251 4634 1312 4675 ouo,
1328 4621 1436 4681 saciant
1449 4633 1483 4669 ee

845 4681 926 4730 rehuo
942 4695 1011 4744 quae
1031 4684 1099 4732 dare
1122 4682 1217 4730 uolunt
1239 4681 1415 4740 Mauortem,
1437 4682 1481 4730 do·

845 4744 997 4804 notionem,
1013 4749 1151 4794 recantata
1162 4743 1223 4802 sili,
1246 4744 1271 4792 oi
1284 4745 1324 4793 ila
1336 4744 1481 4802 voluerint,

846 4806 1061 4870 usufructuaria.
1078 4807 1168 4869 Atque
1182 4805 1224 4854 ila
1235 4806 1330 4860 omnia
1339 4805 1481 4855 ohotruart·

845 4873 900 4926 tur,
921 4871 952 4915 ut
976 4869 1055 4917 nullo
1080 4867 1197 4931 auspicio
1220 4873 1364 4918 remaneat
1386 4880 1481 4932 puero,

842 4942 895 4992 per
907 4943 992 4991 quom
1004 4931 1130 4992 deceptus
1139 4930 1230 4992 perire
1245 4931 1338 4991 possit,
1352 4931 1424 4992 quod
1438 4929 1482 4978 oir-

843 5065 981 5164 {gupereo
993 5053 1111 5128 sociarit.
1139 5053 1190 5114 Qui
1202 5067 1276 5127 'uero
1292 5067 1326 5103 ee
1342 5058 1396 5126 toto
1410 5052 1483 5101 nihil

883 5115 955 5177 hant,
975 5117 1138 5178 etmpltctter
1149 5120 1308 5178 petitionem
1323 5115 1441 5177 sacrant,
1456 5121 1482 5164 et

1562 4062 1692 4122 Denique
1713 4073 1747 4111 ex
1766 4062 1884 4113 laudato
1895 4063 1991 4126 capite
2006 4063 2163 4128 colligitur,

1532 4123 2113 4247 ilienitiit‘’ilitiiiit'iiitti
2128 4126 2166 4238 ii

1531 4259 1564 4298 eo
1578 4221 1718 4310 recedere,
1731 4250 1761 4297 et
1775 4247 1811 4297 od
1824 4223 1962 4298 seculum
1977 4224 2077 4299 rever’ti
2095 4260 2166 4299 neu·

1532 4310 1643 4370 tiquam
1659 4309 1696 4359 iis
1720 4309 1832 4360 licitum
1849 4309 1945 4360 tuerit.
1970 4310 2050 4370 Quod
2076 4311 2166 4361 etiam

1532 4371 1676 4422 statutum
1702 4371 1808 4430 iegitur
1832 4382 1849 4421 a
1875 4371 2011 4432 Gregorio
2034 4373 2087 4423 ΙΙΙ.
2111 4373 2166 4421 ΡΡ.

1533 4433 1622 4496 Epist.
1639 4435 1663 4482 t.
1685 4433 1720 4484 ad
1742 4435 1770 4483 S.
1792 4433 1973 4484 Bonliacium
2001 4433 2164 4494 Mogontin.

1531 4496 1561 4545 in
1576 4497 1718 4558 excerptis
1728 4493 1844 4567 Egbertl
1857 4496 2030 4558 urclrleplsc.
2045 4494 2164 4546 Eborac.

1531 4555 2164 4668 utititiitiiiiif'dicitlicit

1532 4692 1599 4730 ann.
1613 4679 1668 4730 868.
1684 4690 1747 4729 can.
1761 4679 1800 4728 ⁶22.
1813 4679 1852 4730 23.
1867 4679 1915 4730 ubi
1927 4679 1986 4728 baec
2002 4677 2162 4728 habentur:

1531 4742 1694 4792 Monachum
1708 4745 1757 4789 out
1773 4749 1893 4804 polemo
1910 4739 2024 4801 deuotio,
2041 4743 2091 4788 aut
2103 4753 2164 4800 pro

1530 4805 1595 4867 pria
1606 4803 1739 4867 professio
1749 4803 1818 4864 socii
1830 4817 1839 4851 :
1851 4802 1981 4866 quicquid
1994 4801 2090 4850 horum
2101 4801 2164 4863 {ue-

1531 4866 1577 4928 rit‚
1591 4864 1738 4928 oliipolum
1764 4864 1873 4914 tenebit.
1891 4864 1970 4914 Adde
1986 4864 2089 4924 Legem
2108 4864 2164 4913 Wi-

1532 4928 1637 4989 slgotb.
1655 4926 1703 4977 lib.
1717 4925 1740 4978 3.
1758 4927 1801 4977 tit.
1818 4927 1841 4977 5.
1856 4927 1868 4988 5
1888 4925 1912 4976 8.
1926 4929 1955 4976 et
1967 4925 2164 4976 Lanirancum

688 4993 723 5043 de
740 4993 796 5044 Ro·
844 4991 889 5052 tit,
913 4992 986 5054 quod
1007 4991 1163 5042 didicimus.
1188 4990 1324 5042 Similiter
1342 4996 1434 5040 aretem
1456 4995 1482 5040 ct
1532 4990 1623 5053 Epist.
1638 4989 1677 5040 32.
1690 4989 1738 5050 qui
1751 4989 1826 5038 idem
1840 4987 1874 5038 de
1888 4986 2164 5038 sanctimonialibus

1531 5050 1637 5102 oblatis
1652 5052 1777 5101 statuit:
1794 5053 1826 5100 ut
1840 5052 1870 5100 et
1891 5048 2052 5100 concilium
2067 5049 2165 5100 Matis-

1531 5122 1655 5164 conense
1671 5113 1694 5164 I.
1718 5124 1781 5162 can.
1798 5111 1828 5162 12
1844 5126 1850 5160 :
1866 5110 1905 5160 De
1919 5111 2018 5174 pacilio
2029 5123 2091 5160 roro
2105 5124 2165 5172 que

587 5177 603 5226 ὁ
620 5177 674 5226 dou
695 5177 749 5227 duc
762 5179 797 5228 de
846 5191 905 5226 cum
921 5176 1057 5228 ohlolioue
1068 5177 1185 5241 offerant
1195 5177 1283 5240 filium
1299 5192 1378 5226 ouum
1390 5190 1482 5227 coram
1531 5187 1560 5224 ro
1573 5174 1629 5225 Deo
1639 5174 1770 5234 voverint,
1780 5178 1806 5222 et
1820 5173 1960 5236 preclare
1971 5174 2065 5222 decore
2076 5173 2165 5221 elatio

153 5235 361 5348 Bouraairtpne.
388 5237 485 5301 apres,
506 5239 527 5287 li
549 5239 661 5302 enfans,
680 5239 715 5290 de
733 5241 797 5304 quai
846 5238 966 5288 tectibus.
1356 5301 1361 5313 .
1556 5299 1560 5310 Ι
1842 5298 1846 5309 Ι
1989 5299 1994 5308 Ι

219 5300 650 5366 ceresemmehpneoducheoee
666 5301 796 5352 deBour-
878 5301 1028 5352 Hactenus
1054 5301 1081 5352 S.
1105 5301 1288 5362 Benedictus,
1314 5299 1363 5351 ubr
1389 5299 1483 5351 multa
1531 5298 1664 5348 decadum
1677 5311 1733 5348 eree
1743 5298 1918 5356 decreturus,
1932 5301 1996 5347 ulcr
2008 5309 2062 5359 qua
2071 5296 2166 5358 puello

1531 5237 1569 5286 ad
1583 5242 1710 5285 terrenos
1724 5235 1838 5297 nuptiae
1854 5235 2026 5296 transierint,
2040 5235 2069 5284 id
2081 5243 2165 5284 curlo·

153 5359 278 5424 potaque
300 5368 341 5413 ott
363 5375 464 5426 praere,
493 5377 522 5413 ee
541 5364 563 5438 il
589 5368 630 5414 eol
652 5364 706 5438 lito,
735 5378 797 5414 aero
846 5361 1182 5436 veniuntobservanda;
1204 5374 1238 5413 ac
1259 5364 1482 5427 primoquidem
1531 5359 1696 5432 voluntarie,
1714 5365 1764 5409 out
1782 5358 1946 5422 perentitur
1964 5359 2022 5469 iulg
2043 5359 2166 5469 roganti·

154 5422 798 5548 tte:tltlneetlttttluiu
846 5425 1483 5562 :illiciebat..reieceriuett
1531 5421 2000 5558 lttlluttleetlenul.
2015 5425 2165 5554 sitiit:

158 5550 303 5662 liniti
321 5549 352 5600 ¹¹¹
373 5549 469 5663 ⁰⁰i¹e
489 5549 513 5600 ⁸·
528 5549 713 5662 iiiam·
727 5561 796 5662 iil·
846 5547 1483 5662 utinentl‘taltlttt‘:unitati
1530 5560 1607 5658 llil
1630 5543 2166 5658 i‘eli'iii'i':iiiiiniitiiilif

275 5623 395 5674 t.pag.
466 5622 525 5664 ‚co
596 5625 797 5662 .oueuoe
890 5624 908 5661 n
978 5623 993 5662 c
1266 5623 1283 5674 i)
1576 5621 1629 5671 imi
1744 5623 1760 5672 l
1900 5622 1952 5671 le
2034 5620 2049 5668 l

317 5689 346 5735 vl

1987 5669 2007 5728 2
